\@string{webstart = {\begin{tt}}}
@string{webmid = {\linebreak[0]}}
@string{til = {\~\,$\!$}}
@string{webend = {\end{tt}}}

@string{jcss={Journal of Computer and System Sciences}}
@string{jcrypt={Journal of Cryptology}}
@string{siamjc={SIAM Journal on Computing}}
@string{jacm={Journal of the ACM}}
@string{eccc={Electronic Colloquium on Computational Complexity}}
@string{tcs={Theoretical Computer Science}}
@string{lncs={Lecture Notes in Computer Science}}
@string{ipl={Information Processing Letters}}
@string{tit={IEEE Transactions on Information Theory}}
@string{eprint={Cryptology ePrint Archive}}
@string{iandc={Information and Control}}
@string{ieee={IEEE Computer Society}}
@string{springer={Springer}}
@string{acm={ACM Press}}


@string{fse18={18th International Symposium on the Foundations of Software Engineering (FSE)}}

@string{stoc03={Proceedings of the third Annual ACM Symposium on Theory of Computing (STOC)}}
@string{stoc10={Proceedings of the 10th Annual ACM Symposium on Theory of Computing (STOC)}}
@string{stoc18={Proceedings of the 18th Annual ACM Symposium on Theory of Computing (STOC)}}
@string{stoc19={Proceedings of the 19th Annual ACM Symposium on Theory of Computing (STOC)}}
@string{stoc20={Proceedings of the 20th Annual ACM Symposium on Theory of Computing (STOC)}}
@string{stoc21={Proceedings of the 21st Annual ACM Symposium on Theory of Computing (STOC)}}
@string{stoc22={Proceedings of the 22nd Annual ACM Symposium on Theory of Computing (STOC)}}
@string{stoc23={Proceedings of the 23rd Annual ACM Symposium on Theory of Computing (STOC)}}
@string{stoc24={Proceedings of the 24th Annual ACM Symposium on Theory of Computing (STOC)}}
@string{stoc25={Proceedings of the 25th Annual ACM Symposium on Theory of Computing (STOC)}}
@string{stoc26={Proceedings of the 26th Annual ACM Symposium on Theory of Computing (STOC)}}
@string{stoc27={Proceedings of the 27th Annual ACM Symposium on Theory of Computing (STOC)}}
@string{stoc28={Proceedings of the 28th Annual ACM Symposium on Theory of Computing (STOC)}}
@string{stoc29={Proceedings of the 29th Annual ACM Symposium on Theory of Computing (STOC)}}
@string{stoc30={Proceedings of the 30th Annual ACM Symposium on Theory of Computing (STOC)}}
@string{stoc31={Proceedings of the 31st Annual ACM Symposium on Theory of Computing (STOC)}}
@string{stoc32={Proceedings of the 32nd Annual ACM Symposium on Theory of Computing (STOC)}}
@string{stoc33={Proceedings of the 33rd Annual ACM Symposium on Theory of Computing (STOC)}}
@string{stoc34={Proceedings of the 34th Annual ACM Symposium on Theory of Computing (STOC)}}
@string{stoc35={Proceedings of the 35th Annual ACM Symposium on Theory of Computing (STOC)}}
@string{stoc36={Proceedings of the 36th Annual ACM Symposium on Theory of Computing (STOC)}}
@string{stoc37={Proceedings of the 37th Annual ACM Symposium on Theory of Computing (STOC)}}
@string{stoc38={Proceedings of the 38th Annual ACM Symposium on Theory of Computing (STOC)}}
@string{stoc39={Proceedings of the 39th Annual ACM Symposium on Theory of Computing (STOC)}}
@string{stoc40={Proceedings of the 40th Annual ACM Symposium on Theory of Computing (STOC)}}
@string{stoc41={Proceedings of the 41st Annual ACM Symposium on Theory of Computing (STOC)}}
@string{stoc42={Proceedings of the 42nd Annual ACM Symposium on Theory of Computing (STOC)}}
@string{stoc43={Proceedings of the 43rd Annual ACM Symposium on Theory of Computing (STOC)}}
@string{stoc44={Proceedings of the 44th Annual ACM Symposium on Theory of Computing (STOC)}}
@string{stoc45={Proceedings of the 45th Annual ACM Symposium on Theory of Computing (STOC)}}
@string{stoc46={Proceedings of the 46th Annual ACM Symposium on Theory of Computing (STOC)}}

@string{focs23={Proceedings of the 23rd Annual Symposium on Foundations of Computer Science (FOCS)}}
@string{focs24={Proceedings of the 24th Annual Symposium on Foundations of Computer Science (FOCS)}}
@string{focs25={Proceedings of the 25th Annual Symposium on Foundations of Computer Science (FOCS)}}
@string{focs26={Proceedings of the 26th Annual Symposium on Foundations of Computer Science (FOCS)}}
@string{focs27={Proceedings of the 27th Annual Symposium on Foundations of Computer Science (FOCS)}}
@string{focs28={Proceedings of the 28th Annual Symposium on Foundations of Computer Science (FOCS)}}
@string{focs29={Proceedings of the 29th Annual Symposium on Foundations of Computer Science (FOCS)}}
@string{focs30={Proceedings of the 30th Annual Symposium on Foundations of Computer Science (FOCS)}}
@string{focs31={Proceedings of the 31st Annual Symposium on Foundations of Computer Science (FOCS)}}
@string{focs32={Proceedings of the 32nd Annual Symposium on Foundations of Computer Science (FOCS)}}
@string{focs33={Proceedings of the 33rd Annual Symposium on Foundations of Computer Science (FOCS)}}
@string{focs34={Proceedings of the 34th Annual Symposium on Foundations of Computer Science (FOCS)}}
@string{focs35={Proceedings of the 35th Annual Symposium on Foundations of Computer Science (FOCS)}}
@string{focs36={Proceedings of the 36th Annual Symposium on Foundations of Computer Science (FOCS)}}
@string{focs37={Proceedings of the 37th Annual Symposium on Foundations of Computer Science (FOCS)}}
@string{focs38={Proceedings of the 38th Annual Symposium on Foundations of Computer Science (FOCS)}}
@string{focs39={Proceedings of the 39th Annual Symposium on Foundations of Computer Science (FOCS)}}
@string{focs40={Proceedings of the 40th Annual Symposium on Foundations of Computer Science (FOCS)}}
@string{focs41={Proceedings of the 41st Annual Symposium on Foundations of Computer Science (FOCS)}}
@string{focs42={Proceedings of the 42nd Annual Symposium on Foundations of Computer Science (FOCS)}}
@string{focs43={Proceedings of the 43rd Annual Symposium on Foundations of Computer Science (FOCS)}}
@string{focs44={Proceedings of the 44th Annual Symposium on Foundations of Computer Science (FOCS)}}
@string{focs45={Proceedings of the 45th Annual Symposium on Foundations of Computer Science (FOCS)}}
@string{focs46={Proceedings of the 46th Annual Symposium on Foundations of Computer Science (FOCS)}}
@string{focs47={Proceedings of the 47th Annual Symposium on Foundations of Computer Science (FOCS)}}
@string{focs48={Proceedings of the 48th Annual Symposium on Foundations of Computer Science (FOCS)}}
@string{focs49={Proceedings of the 49th Annual Symposium on Foundations of Computer Science (FOCS)}}
@string{focs50={Proceedings of the 50th Annual Symposium on Foundations of Computer Science (FOCS)}}
@string{focs51={Proceedings of the 51st Annual Symposium on Foundations of Computer Science (FOCS)}}
@string{focs52={Proceedings of the 52nd Annual Symposium on Foundations of Computer Science (FOCS)}}


@string{crypto17part1={Advances in Cryptology -- CRYPTO 2017, part {I}}}
@string{crypto17part2={Advances in Cryptology -- CRYPTO 2017, part {II}}}
@string{crypto17part3={Advances in Cryptology -- CRYPTO 2017, part {III}}}
@string{crypto16part1={Advances in Cryptology -- CRYPTO 2016, part {I}}}
@string{crypto16part2={Advances in Cryptology -- CRYPTO 2016, part {II}}}
@string{crypto16part3={Advances in Cryptology -- CRYPTO 2016, part {III}}}
@string{crypto15part1={Advances in Cryptology -- CRYPTO 2015, part {I}}}
@string{crypto15part2={Advances in Cryptology -- CRYPTO 2015, part {II}}}
@string{crypto14part1={Advances in Cryptology -- CRYPTO 2014, part {I}}}
@string{crypto14part2={Advances in Cryptology -- CRYPTO 2014, part {II}}}
@string{crypto13part1={Advances in Cryptology -- CRYPTO 2013, part {I}}}
@string{crypto13part2={Advances in Cryptology -- CRYPTO 2013, part {II}}}
@string{crypto12={Advances in Cryptology -- CRYPTO 2012}}
@string{crypto11={Advances in Cryptology -- CRYPTO 2011}}
@string{crypto10={Advances in Cryptology -- CRYPTO 2010}}
@string{crypto09={Advances in Cryptology -- CRYPTO 2009}}
@string{crypto08={Advances in Cryptology -- CRYPTO 2008}}
@string{crypto07={Advances in Cryptology -- CRYPTO 2007}}
@string{crypto06={Advances in Cryptology -- CRYPTO 2006}}
@string{crypto05={Advances in Cryptology -- CRYPTO 2005}}
@string{crypto04={Advances in Cryptology -- CRYPTO 2004}}
@string{crypto03={Advances in Cryptology -- CRYPTO 2003}}
@string{crypto02={Advances in Cryptology -- CRYPTO 2002}}
@string{crypto01={Advances in Cryptology -- CRYPTO 2001}}
@string{crypto00={Advances in Cryptology -- CRYPTO 2000}}
@string{crypto99={Advances in Cryptology -- CRYPTO '99}}
@string{crypto98={Advances in Cryptology -- CRYPTO '98}}
@string{crypto97={Advances in Cryptology -- CRYPTO '97}}
@string{crypto96={Advances in Cryptology -- CRYPTO '96}}
@string{crypto95={Advances in Cryptology -- CRYPTO '95}}
@string{crypto94={Advances in Cryptology -- CRYPTO '94}}
@string{crypto93={Advances in Cryptology -- CRYPTO '93}}
@string{crypto92={Advances in Cryptology -- CRYPTO '92}}
@string{crypto91={Advances in Cryptology -- CRYPTO '91}}
@string{crypto90={Advances in Cryptology -- CRYPTO '90}}
@string{crypto89={Advances in Cryptology -- CRYPTO '89}}
@string{crypto88={Advances in Cryptology -- CRYPTO '88}}
@string{crypto87={Advances in Cryptology -- CRYPTO '87}}
@string{crypto86={Advances in Cryptology -- CRYPTO '86}}
@string{crypto85={Advances in Cryptology -- CRYPTO '85}}
@string{crypto84={Advances in Cryptology -- CRYPTO '84}}
@string{crypto83={Advances in Cryptology -- CRYPTO '83}}
@string{crypto82={Advances in Cryptology -- CRYPTO '82}}
@string{crypto81={Advances in Cryptology -- CRYPTO '81}}

@string{ec17part1={Advances in Cryptology -- EUROCRYPT 2017, part {I}}}
@string{ec17part2={Advances in Cryptology -- EUROCRYPT 2017, part {II}}}
@string{ec16part1={Advances in Cryptology -- EUROCRYPT 2016, part {I}}}
@string{ec16part2={Advances in Cryptology -- EUROCRYPT 2016, part {II}}}
@string{ec15part1={Advances in Cryptology -- EUROCRYPT 2015, part {I}}}
@string{ec15part2={Advances in Cryptology -- EUROCRYPT 2015, part {II}}}
@string{ec14={Advances in Cryptology -- EUROCRYPT 2014}}
@string{ec13={Advances in Cryptology -- EUROCRYPT 2013}}
@string{ec12={Advances in Cryptology -- EUROCRYPT 2012}}
@string{ec11={Advances in Cryptology -- EUROCRYPT 2011}}
@string{ec10={Advances in Cryptology -- EUROCRYPT 2010}}
@string{ec09={Advances in Cryptology -- EUROCRYPT 2009}}
@string{ec08={Advances in Cryptology -- EUROCRYPT 2008}}
@string{ec07={Advances in Cryptology -- EUROCRYPT 2007}}
@string{ec06={Advances in Cryptology -- EUROCRYPT 2006}}
@string{ec05={Advances in Cryptology -- EUROCRYPT 2005}}
@string{ec04={Advances in Cryptology -- EUROCRYPT 2004}}
@string{ec03={Advances in Cryptology -- EUROCRYPT 2003}}
@string{ec02={Advances in Cryptology -- EUROCRYPT 2002}}
@string{ec01={Advances in Cryptology -- EUROCRYPT 2001}}
@string{ec00={Advances in Cryptology -- EUROCRYPT 2000}}
@string{ec99={Advances in Cryptology -- EUROCRYPT '99}}
@string{ec98={Advances in Cryptology -- EUROCRYPT '98}}
@string{ec97={Advances in Cryptology -- EUROCRYPT '97}}
@string{ec96={Advances in Cryptology -- EUROCRYPT '96}}
@string{ec95={Advances in Cryptology -- EUROCRYPT '95}}
@string{ec94={Advances in Cryptology -- EUROCRYPT '94}}
@string{ec93={Advances in Cryptology -- EUROCRYPT '93}}
@string{ec92={Advances in Cryptology -- EUROCRYPT '92}}
@string{ec91={Advances in Cryptology -- EUROCRYPT '91}}
@string{ec90={Advances in Cryptology -- EUROCRYPT '90}}
@string{ec89={Advances in Cryptology -- EUROCRYPT '89}}
@string{ec88={Advances in Cryptology -- EUROCRYPT '88}}
@string{ec87={Advances in Cryptology -- EUROCRYPT '87}}
@string{ec86={Advances in Cryptology -- EUROCRYPT '86}}
@string{ec85={Advances in Cryptology -- EUROCRYPT '85}}
@string{ec84={Advances in Cryptology -- EUROCRYPT '84}}

@string{ac17part1={Advances in Cryptology -- ASIACRYPT  2017, part {I}}}
@string{ac17part2={Advances in Cryptology -- ASIACRYPT  2017, part {II}}}
@string{ac16part1={Advances in Cryptology -- ASIACRYPT  2016, part {I}}}
@string{ac16part2={Advances in Cryptology -- ASIACRYPT  2016, part {II}}}
@string{ac15part1={Advances in Cryptology -- ASIACRYPT  2015, part {I}}}
@string{ac15part2={Advances in Cryptology -- ASIACRYPT  2015, part {II}}}
@string{ac14part1={Advances in Cryptology -- ASIACRYPT  2014, part {I}}}
@string{ac14part2={Advances in Cryptology -- ASIACRYPT  2014, part {II}}}
@string{ac13part1={Advances in Cryptology -- ASIACRYPT  2013, part {I}}}
@string{ac13part2={Advances in Cryptology -- ASIACRYPT  2013, part {II}}}
@string{ac12={Advances in Cryptology -- ASIACRYPT  2012}}
@string{ac11={Advances in Cryptology -- ASIACRYPT  2011}}
@string{ac10={Advances in Cryptology -- ASIACRYPT  2010}}
@string{ac09={Advances in Cryptology -- ASIACRYPT  2009}}
@string{ac08={Advances in Cryptology -- ASIACRYPT  2008}}
@string{ac07={Advances in Cryptology -- ASIACRYPT  2007}}
@string{ac06={Advances in Cryptology -- ASIACRYPT  2006}}
@string{ac05={Advances in Cryptology -- ASIACRYPT  2005}}
@string{ac04={Advances in Cryptology -- ASIACRYPT  2004}}
@string{ac03={Advances in Cryptology -- ASIACRYPT  2003}}
@string{ac02={Advances in Cryptology -- ASIACRYPT  2002}}
@string{ac01={Advances in Cryptology -- ASIACRYPT  2001}}
@string{ac00={Advances in Cryptology -- ASIACRYPT  2000}}
@string{ac99={Advances in Cryptology -- ASIACRYPT  '99}}
@string{ac98={Advances in Cryptology -- ASIACRYPT  '98}}
@string{ac97={Advances in Cryptology -- ASIACRYPT  '97}}
@string{ac96={Advances in Cryptology -- ASIACRYPT  '96}}
@string{ac95={Advances in Cryptology -- ASIACRYPT  '95}}
@string{ac94={Advances in Cryptology -- ASIACRYPT  '94}}
@string{ac93={Advances in Cryptology -- ASIACRYPT  '93}}
@string{ac92={Advances in Cryptology -- ASIACRYPT  '92}}
@string{ac91={Advances in Cryptology -- ASIACRYPT  '91}}
@string{ac90={Advances in Cryptology -- ASIACRYPT  '90}}
@string{ac89={Advances in Cryptology -- ASIACRYPT  '89}}
@string{ac88={Advances in Cryptology -- ASIACRYPT  '88}}
@string{ac87={Advances in Cryptology -- ASIACRYPT  '87}}
@string{ac86={Advances in Cryptology -- ASIACRYPT  '86}}
@string{ac85={Advances in Cryptology -- ASIACRYPT  '85}}
@string{ac84={Advances in Cryptology -- ASIACRYPT  '84}}

@string{tcc04={Proceedings of the First Theory of Cryptography Conference, TCC 2004}}
@string{tcc05={Proceedings of the Second Theory of Cryptography Conference, TCC 2005}}
@string{tcc06={Proceedings of the Third Theory of Cryptography Conference, TCC 2006}}
@string{tcc07={Proceedings of the Fourth Theory of Cryptography Conference, TCC 2007}}
@string{tcc08={Proceedings of the 5th Theory of Cryptography Conference, TCC 2008}}
@string{tcc09={Proceedings of the 6th Theory of Cryptography Conference, TCC 2009}}
@string{tcc10={Proceedings of the 7th Theory of Cryptography Conference, TCC 2010}}
@string{tcc11={Proceedings of the 8th Theory of Cryptography Conference, TCC 2011}}
@string{tcc12={Proceedings of the 9th Theory of Cryptography Conference, TCC 2012}}
@string{tcc13={Proceedings of the 10th Theory of Cryptography Conference, TCC 2013}}
@string{tcc14={Proceedings of the 11th Theory of Cryptography Conference, TCC 2014}}
@string{tcc15part1={Proceedings of the 12th Theory of Cryptography Conference, TCC 2015, part {I}}}
@string{tcc15part2={Proceedings of the 12th Theory of Cryptography Conference, TCC 2015, part {II}}}
@string{tcc16apart1={Proceedings of the 13th Theory of Cryptography Conference, TCC 2016-A, part {I}}}
@string{tcc16apart2={Proceedings of the 13th Theory of Cryptography Conference, TCC 2016-A, part {II}}}
@string{tcc16bpart1={Proceedings of the 14th Theory of Cryptography Conference, TCC 2016-B, part {I}}}
@string{tcc16bpart2={Proceedings of the 14th Theory of Cryptography Conference, TCC 2016-B, part {II}}}
@string{tcc17part1={Proceedings of the 15th Theory of Cryptography Conference, TCC 2017, part {I}}}
@string{tcc17part2={Proceedings of the 15th Theory of Cryptography Conference, TCC 2017, part {II}}}

@string{coco01={Proceedings of the First Annual IEEE Conference on Computational Complexity}}
@string{coco10={Proceedings of the 10th Annual IEEE Conference on Computational Complexity}}
@string{coco11={Proceedings of the 11th Annual IEEE Conference on Computational Complexity}}
@string{coco12={Proceedings of the 12th Annual IEEE Conference on Computational Complexity}}
@string{coco13={Proceedings of the 13th Annual IEEE Conference on Computational Complexity}}
@string{coco14={Proceedings of the 14th Annual IEEE Conference on Computational Complexity}}
@string{coco15={Proceedings of the 15th Annual IEEE Conference on Computational Complexity}}
@string{coco16={Proceedings of the 16th Annual IEEE Conference on Computational Complexity}}
@string{coco17={Proceedings of the 17th Annual IEEE Conference on Computational Complexity}}
@string{coco18={Proceedings of the 18th Annual IEEE Conference on Computational Complexity}}
@string{coco19={Proceedings of the 18th Annual IEEE Conference on Computational Complexity}}
@string{coco20={Proceedings of the 18th Annual IEEE Conference on Computational Complexity}}
@string{coco21={Proceedings of the 18th Annual IEEE Conference on Computational Complexity}}
@string{coco22={Proceedings of the 18th Annual IEEE Conference on Computational Complexity}}

@string{stacs09={Proceedings of the 9th Annual Symposium on Theoretical Aspects of Computer Science (STACS)}}
@string{stacs19={Proceedings of the 19th Annual Symposium on Theoretical Aspects of Computer Science (STACS)}}

@string{disc16={Proceedings of the 16th International Symposium on Distributed Computing (DISC)}}
@string{disc25={Proceedings of the 25th International Symposium on Distributed Computing (DISC)}}

@string{podc04={Proceedings of the Fourth Annual ACM Symposium on Principles of Distributed Computing (PODC)}}
@string{podc21={Proceedings of the 21st Annual ACM Symposium on Principles of Distributed Computing (PODC)}}
@string{podc29={Proceedings of the 29th Annual ACM Symposium on Principles of Distributed Computing (PODC)}}

@string{soda06={Proceedings of the 17th Annual {ACM-SIAM} Symposium on Discrete Algorithms (SODA)}}
@string{soda08={Proceedings of the 19th Annual {ACM-SIAM} Symposium on Discrete Algorithms (SODA)}}
@string{soda17={Proceedings of the 28th Annual {ACM-SIAM} Symposium on Discrete Algorithms (SODA)}}

@string{icdcn11={Proceedings of the 12th International Conference on Distributed Computing and Networking (ICDCN)}}

@string{scn14={Proceedings of the 9th Conference on Security and Cryptography for Networks (SCN)}}

@string{icalp17={Proceedings of the 44th International Colloquium on Automata, Languages, and Programming (ICALP)}

@string{itcs17={Proceedings of the 8th Innovations in Theoretical Computer Science Conference, (ITCS)}

@InProceedings{OngVa07,
    author      = {Shien Jin Ong and Salil Vadhan},
    title       = {Zero Knowledge and Soundness are Symmetric},
    booktitle=ec07,
 pages = {187--209},
    year        = {2007},
}

@techreport{OV06,
    author      = {Shien Jin Ong and Salil Vadhan},
    title       = {Zero Knowledge and Soundness are Symmetric},
    institution = eccc,
    number      = {TR06-139},
    year        = {2006},
}



@inproceedings{HaitnerRe:IH,
  author    = {Iftach Haitner and Omer Reingold},
  title     = {A New Interactive Hashing Theorem},
  booktitle = coco22,
  year      = {2007},
pages     = {319-332},
}

@InProceedings{HaitnerHRS07,
    author={Iftach Haitner and Jonathan J.\ Hoch and Omer Reingold and Gil Segev},
    title={Finding Collisions in Interactive Protocols -- {A} Tight Lower Bound on
        the Round Complexity of Statistically-Hiding Commitments},
    booktitle= focs48,
    year={2007},
    pages     = {669-679},
}


@inproceedings{Haitner04,
  author    = {Iftach Haitner},
  title     = {Implementing Oblivious Transfer Using Collection of Dense
               Trapdoor Permutations},
  booktitle = tcc04,
  year      = {2004},
  pages     = {394-409}
}
@inproceedings{Haitner08,
  author    = {Iftach Haitner},
  title     = {Semi-Honest to Malicious Oblivious Transfer - The Black-Box Way},
  booktitle = tcc08,
  year      = {2008},
  pages     = {394-409}
}

@inproceedings{HaitnerHS08,
  author    = {Iftach Haitner and Jonathan J.\ Hoch and Gil Segev},
  title     = {A Linear Lower Bound on the Communication Complexity of Single-Server Private Information Retrieval},
  booktitle = tcc08,
  year      = {2008},
  pages     = {394-409}
}



@InProceedings{HaitnerRe07,
    author = {Iftach Haitner and Omer Reingold},
    title = {Statistically Hiding Commitment from Any One-Way Function},
    booktitle= stoc39,
    year      = 2007,
    pages     = {1-10},
}

@ARTICLE{Vadhan06,
  AUTHOR    = "Salil P. Vadhan",
  TITLE     = "An Unconditional Study of Computational Zero Knowledge",
  JOURNAL   = siamjc,
  YEAR      = "2006",
 volume = {36},
 number = {4},
  pages     = {1160-1214},
  note      = "Preliminary version in {\it FOCS'04}.",
}

@InProceedings{NguyenOnVa06,
  author    = {{Minh-Huyen} Nguyen and Shien Jin Ong and Salil Vadhan},
  title     = {Statistical Zero-Knowledge Arguments for {NP} from Any One-Way Function},
  booktitle      =focs47,
  pages     = {3-14},
  year      = 2006,
}

@article {BrassardCrYu91,
    AUTHOR = {Brassard, Gilles and Cr{\'e}peau, Claude and Yung, Moti},
     TITLE = {Constant-round perfect zero-knowledge computationally
              convincing protocols},
   JOURNAL = tcs,
 VOLUME = {84},
 YEAR = {1991},
 NUMBER = {1},
 PAGES = {23--52},
}

@inproceedings{Damgard87,
  author    = {Ivan Damg{\aa}rd},
  title     = {Collision Free Hash Functions and Public Key Signature Schemes.},
 booktitle = ec87,
  year      = {1987},
  pages     = {203-216},
}

@PHDTHESIS{Rudich88,
  AUTHOR =       "Steven Rudich",
  TITLE =        "Limits on the Provable Consequences of One-Way Functions",
  SCHOOL =       "U.C. Berkeley",
  YEAR =         "1988"
}

@inproceedings{KahnSaSm00,
    AUTHOR = {Kahn, Jeff and Saks, Michael and Smyth, Cliff},
     TITLE = {A dual version of {R}eimer's inequality and a proof of
              {R}udich's conjecture},
 BOOKTITLE = {15th Annual IEEE Conference on Computational Complexity},
 PAGES = {98--103},
      YEAR = {2000},
}

@inproceedings{NaorYu89,
  author    = {Moni Naor and
               Moti Yung},
  title     = {Universal One-Way Hash Functions and their Cryptographic
               Applications},
  booktitle = stoc21,
  publisher = acm,
  year      = {1989},
  pages     = {33-43},
}

@inproceedings{BellareImNa,
  author    = {Mihir Bellare and
               Russell Impagliazzo and
               Moni Naor},
  title     = {Does Parallel Repetition Lower the Error in Computationally
               Sound Protocols?},
 booktitle= focs38,
  year      = {1997},
  pages     = {374-383},
}




@inproceedings{BennettBR,
  author    = {Charles H. Bennett and
               Gilles Brassard and
               Jean-Marc Robert},
  title     = {How to Reduce Your Enemy's Information},
  booktitle=crypto85,
  year      = {1985},
  pages     = {468-476},
}

@InProceedings{Dinur06,
    title   = {The {PCP} Theorem via Gap Amplification},
    author  = {Dinur, Irit},
    booktitle= stoc38,
    year    = 2006,
}

@techreport{Goldreich-bravely-eccc,
title={Bravely, Moderately: A Common Theme in Four Recent Results},
author={Goldreich, Oded},
institution=eccc,
number = "TR05-098",
year= 2005,
}

@inproceedings{Reingold05,
  author    = {Omer Reingold},
  title     = {Undirected {ST}-connectivity in log-space.},
  booktitle=stoc37,
  year      = {2005},
  pages     = {376-385},
}

@InProceedings{MicciancioVa03,
  author    = {Daniele Micciancio and Salil Vadhan},
  title     = {Statistical zero-knowledge proofs with efficient provers: lattice problems and more},
 booktitle= crypto03,
 pages = {282--298},
  year      = {2003},
}

@inproceedings{BarakOnVa03,
  author    = {Boaz Barak and
               Shien Jin Ong and
               Salil Vadhan},
  title     = {Derandomization in Cryptography.},
 booktitle = crypto03,
  year      = {2003},
  pages     = {299-315},
}

@inproceedings{Simon98,
  author    = {Daniel Simon},
  title     = {Finding Collisions on a One-Way Street: Can Secure Hash
               Functions Be Based on General Assumptions?},
 booktitle = ec98,
  year      = {1998},
  pages     = {334-345},
}

@article{BoyarKuKr90,
  author    = {Joan F. Boyar and
               Stuart A. Kurtz and
               Mark W. Krentel},
  title     = {A Discrete Logarithm Implementation of Perfect Zero-Knowledge
               Blobs},
  journal   = jcrypt,
 volume = {2},
 number = {2},
  year      = {1990},
  pages     = {63-76},
}

@article {DamgardPePf98,
    AUTHOR = {Damg{\aa}rd, Ivan B. and Pedersen, Torben P. and Pfitzmann,
              Birgit},
     TITLE = {Statistical secrecy and multibit commitments},
  JOURNAL  = tit,
 VOLUME = {44},
 YEAR = {1998},
 NUMBER = {3},
 PAGES = {1143--1151},
}

@InProceedings{ImpagliazzoRu89,
title="Limits on the provable consequences of one-way permutations",
author={Impagliazzo, Russell and Rudich, Steven},
  booktitle = stoc21,
  publisher = acm,
pages = "44--61",
year=1989,
}

@inproceedings{HaleviMi96,
  author    = {Shai Halevi and Silvio Micali},
  title     = {Practical and Provably-Secure Commitment Schemes from Collision-Free Hashing},
 booktitle= crypto96,
  year      = {1996},
  pages     = {201-215},
}

@article{GoldwasserMiRi88,
  author    = {Shafi Goldwasser and
               Silvio Micali and
               Ronald L. Rivest},
  title     = {A Digital Signature Scheme Secure Against Adaptive Chosen-Message Attacks},
  journal   = siamjc,
 volume = {17},
 number = {2},
  year      = {1988},
  pages     = {281-308},
  note      = {Preliminary version in {\it FOCS'84}.}
}

@inproceedings{ChaumDG87,
  author    = {David Chaum and
               Ivan Damg{\aa}rd and
               {Jeroen van de} Graaf},
  title     = {Multiparty Computations Ensuring Privacy of Each Party's
               Input and Correctness of the Result.},
  booktitle = crypto87,
  series    = lncs,
 volume = {293},
  publisher = springer,
  year      = {1987},
  pages     = {87-119},
}

@InProceedings{ImpagliazzoLeLu89,
   title       = {Pseudo-random Generation from one-way functions},
   author      = {Impagliazzo, Russell and Levin, Leonid A. and Luby, Michael},
 pages = {12--24},
  booktitle = stoc21,
  publisher = acm,
   year        = 1989,
}

@InProceedings{NguyenVa06,
   author      = {Nguyen, {Minh-Huyen} and Vadhan, Salil},
   title       = {Zero Knowledge with Efficient Provers},
 booktitle = stoc38,
   year        = 2006,
   pages       = {287-295},
}

@Article{HaitnerHoKaKoMoSh05,
  author    = {Iftach Haitner and
               Omer Horvitz and
               Jonathan Katz and
               {Chiu-Yuen} Koo and
               Ruggero Morselli and
               Ronen Shaltiel},
  title     = {Reducing Complexity Assumptions for Statistically Hiding
               Commitment},
  year      = {2009},
   journal   = jcrypt,
  pages     = {283-310},
}

@Article{NisanZu96,
title={Randomness is Linear in Space},
author={Noam Nisan and David Zuckerman},
pages={43--52},
journal=jcss,
year=1996,
volume=52,
number=1,
}


@article {BennettBrRo88,
    AUTHOR = {Bennett, Charles H. and Brassard, Gilles and Robert,
              Jean-Marc},
     TITLE = {Privacy amplification by public discussion},
   JOURNAL = siamjc,
 VOLUME = {17},
 YEAR = {1988},
 NUMBER = {2},
 PAGES = {210--229},
}

@Article{JerrumVaVa86,
  author    = {Mark Jerrum and
               Leslie G. Valiant and
               Vijay V. Vazirani},
  title     = {Random Generation of Combinatorial Structures from a Uniform Distribution},
  journal   = tcs,
 volume = {43},
  year      = {1986},
  pages     = {169-188},
}

@article{BellareGoPe00,
  author    = {Mihir Bellare and
               Oded Goldreich and
               Erez Petrank},
  title     = {Uniform Generation of {NP}-Witnesses Using an {NP}-Oracle},
  journal   = {Information and Computation},
 volume = {163},
 number = {2},
  year      = {2000},
  pages     = {510-526},
}

@ARTICLE{BarakLiVa06,
  author =   {Boaz Barak and Yehuda Lindell and Salil Vadhan},
  title =    {Lower bounds for non-black-box zero knowledge},
  JOURNAL =  jcss,
  YEAR =     2006,
  pages =   "321-391",
  note =    {Preliminary version in {\em FOCS'04}.}
}

@article {Goldreich93,
    AUTHOR = {Goldreich, Oded},
     TITLE = {A uniform-complexity treatment of encryption and zero-knowledge},
  JOURNAL  = jcrypt,
 VOLUME = {6},
 YEAR = {1993},
 NUMBER = {1},
 PAGES = {21--53},
}

@TechReport{Goldreich05,
  author =   {Oded Goldreich},
  title =    {On Promise Problems (a survey in memory of {S}himon {E}ven [1935-2004])},
  institution =  eccc,
  year =     {2005},
  month =    {February},
  number =   {TR05--018}
}

@inproceedings {Blum87,
    AUTHOR = {Blum, Manuel},
     TITLE = {How to prove a theorem so no one else can claim it},
 BOOKTITLE = {Proceedings of the International Congress of Mathematicians},
 PAGES = {1444--1451},
      YEAR = {1987},
 publisher = "American Mathematical Society",
}

@inproceedings{Barak01,
  author    = {Boaz Barak},
  title     = {How to Go Beyond the Black-Box Simulation Barrier.},
  year      = {2001},
  pages     = {106-115},
  booktitle = focs42,
}

@Book{Goldreich01,
  Author         = {Oded Goldreich},
  Title          = {Foundations of Cryptography: Basic Tools},
  Publisher      = {Cambridge University Press},
  year           = 2001,
}

@book{Goldreich04,
    author={Oded Goldreich},
    title={Foundations of Cryptography -- VOLUME 2: Basic Applications},
    publisher={Cambridge University Press},
    year={2004}
}


@Article{ItohOhSh97,
  Author         = {Itoh, Toshiya and Ohta, Yuji and Shizuya, Hiroki},
  Title          = {A language-dependent cryptographic primitive},
  Journal        = jcrypt,
 Volume = {10},
 Number = {1},
 Pages = {37--49},
  year           = 1997,
}

@ARTICLE{SahaiVa03,
  author =       {Amit Sahai and Salil Vadhan},
  title =        {A Complete Problem for Statistical Zero Knowledge},
  journal =      jacm,
  year =         {2003},
 volume = {50},
 number = {2},
 pages = {196--249},
  note =         {Preliminary version in {\it FOCS'97}}
}


@article {GoldreichKr92,
    AUTHOR = {Goldreich, Oded and Krawczyk, Hugo},
     TITLE = {Sparse pseudorandom distributions},
   JOURNAL = {Random Structures \& Algorithms},
 VOLUME = {3},
 YEAR = {1992},
 NUMBER = {2},
 PAGES = {163--174},
}


@PHDTHESIS{Kannan-thesis,
  AUTHOR =       "Sampath Kannan",
  TITLE =        "Program Checkers for Algebraic Problems",
  SCHOOL =       "University of California, Berkeley",
  address =      "Berkeley, CA",
  YEAR =         "1989",
}

@InProceedings{GoldreichVaWi01,
    title       = {On Interactive Proofs with a Laconic Prover},
    author      = {Oded Goldreich and Salil Vadhan and Avi Wigderson},
 booktitle= icalp01,
 pages = {334--345},
    year        = 2001,
}

@InProceedings{BellareGo89,
   title={New Paradigms for Digital Signatures and Message Authentication
   Based on Non-Interactive Zero Knowledge Proofs},
   author={Mihir Bellare and Shafi Goldwasser},
 pages={194--211},
   booktitle=crypto89,
   year=1989,
}

@article {GoldreichPe99,
   AUTHOR = {Goldreich, Oded and Petrank, Erez},
    TITLE = {Quantifying knowledge complexity},
 JOURNAL = {Computational Complexity},
 VOLUME = {8},
 YEAR = {1999},
 NUMBER = {1},
 PAGES = {50--98},
}


@Proceedings{FOCS32,
title={32nd Annual Symposium on Foundations of Computer Science},
booktitle={32nd Annual Symposium on Foundations of Computer Science},
month={1--4 } # oct,
year=1991,
address={San Juan, Puerto Rico},
organization={IEEE},
crossrefonly=1,
}

@InProceedings{AielloBeVe95,
title={Knowledge on the Average---Perfect, Statistical and Logarithmic},
author={William Aiello and Mihir Bellare and Ramarathnam Venkatesan},
pages={469--478},
booktitle=stoc27,
year=1995,
}

@InProceedings{Ostrovsky91,
  title =        "One-Way Functions, Hard on Average Problems, and
                 Statistical Zero-Knowledge Proofs",
  author =       "Rafail Ostrovsky",
  booktitle =   "Proceedings of the 6th Annual Structure in Complexity Theory Conference",
 pages= {133--138},
  year =         1991,
  publisher =   ieee,
}

@InProceedings{OstrovskyWi93,
  author =       "Rafail Ostrovsky and Avi Wigderson",
  title =        "One-Way Functions are Essential for Non-Trivial
                 Zero-Knowledge",
  booktitle =   "Proceedings of the 2nd Israel Symposium on Theory of Computing Systems",
  year =         "1993",
 pages = "3--17",
  publisher =   ieee,
}

@Article{AielloHa91,
  title={Statistical Zero-Knowledge Languages Can Be Recognized in Two Rounds},
  author={William Aiello and Johan H{\aa}stad},
 pages={327--345},
  journal=jcss,
  year=1991,
 volume=42,
 number=3,
  note = {Preliminary version in {\it FOCS'87}},
}

@Article{Goldreich90,
  title={A note on computational indistinguishability},
  author={Oded Goldreich},
 pages={277--281},
 volume=34,
 number=6,
  journal=ipl,
  year=199
}

@Article{GoldreichOsPe98,
  title={Computational Complexity and Knowledge Complexity},
  author={Oded Goldreich and Rafail Ostrovsky and Erez Petrank},
 pages={1116--1141},
 journal=sicomp,
  year=1998,
 volume=27,
 number=4,
}

@inproceedings{Okamoto96,
  author    = {Tatsuaki Okamoto},
  title     = {On Relationships between Statistical Zero-Knowledge Proofs.},
 booktitle= stoc28,
  year      = {1996},
  pages     = {649-658},
}

@Article{Okamoto00,
  author =   {Tatsuaki Okamoto},
  title =    {On Relationships Between Statistical Zero-Knowledge Proofs},
  journal =  jcss,
  year =     {2000},
 volume = {60},
 number = {1},
 pages = {47--108},
  note =     {Preliminary version in {\it STOC'96}},
}


@article{Fortnow89,
  author =   "Lance Fortnow",
  title =    "The Complexity of Perfect Zero-Knowledge",
  journal = "Advances in Computing Research: Randomness and Computation",
 volume = 5,
 publisher = "JAI Press",
 year = "1989",
 pages = "327--343",
}

@article{GoldwasserSi89,
  author =   "Shafi Goldwasser and Michael Sipser",
  title =    "Private Coins versus Public Coins in Interactive
          Proof Systems",
  journal = "Advances in Computing Research: Randomness and Computation",
 volume = 5,
 publisher = "JAI Press",
 year = "1989",
 pages = "73--90",
}

@Article{FurerGoMaSiZa89,
  author =   "Martin F{\"u}rer and Oded Goldreich and Yishay Mansour
             and Michael Sipser and Stathis Zachos",
  title =    "On Completeness and Soundness in Interactive Proof Systems",
  journal = "Advances in Computing Research",
 publisher = "JAC Press",
 year = "1989",
 volume = "5",
 pages = "429--442",
  note = "Preliminary version in {\it FOCS'87}",
}

@Article{GoldreichKu93,
  author =   "Oded Goldreich and Eyal Kushilevitz",
  title =    "A Perfect Zero-Knowledge Proof System for a Problem
          Equivalent to the Discrete Logarithm",
  journal =  jcrypt,
  year =     "1993",
 volume = "6",
 pages = "97--116",
}


@Article{Ullian67,
  author =   "Joseph S. Ullian",
  title =    "Partial Algorithm Problems for Context Free Languages",
  journal =  infcntrl,
  year =     "1967",
  pages =    "80-101",
}


@InCollection{EvenYa80,
  author =   "S. Even and Y. Yacobi",
  title =    "Cryptocomplexity and {NP}-Completeness",
  booktitle = "Proceedings of the 7th Colloquium on Automata, Languages, and Programming, Lecture Notes in Computer Science",
  publisher = springer,
  year =     "1990",
 volume = "85",
 pages = "195--207",

}

@Article{GoldwasserMiRa89,
  author =   {Shafi Goldwasser and Silvio Micali and Charles Rackoff},
  title =    {The Knowledge Complexity of Interactive Proof Systems},
  journal =  siamjc,
  year =     {1989},
 volume = {18},
 number = {1},
 pages = {186--208},
  note = {Preliminary version in {\it STOC'85}},
}


@InCollection{DamgardGoOkWi95,
  author    = "Ivan Damg{\aa}rd and Oded Goldreich and Tatsuaki Okamoto and Avi Wigderson",
  title     = "Honest Verifier vs. Dishonest Verifier in Public Coin Zero-Knowledge Proofs",
 booktitle = crypto95,
  year =     "1995",
  pages = "325-338",
}

@article{DamgardPP97,
  author    = {Ivan Damg{\aa}rd and
               Torben P. Pedersen and
               Birgit Pfitzmann},
  title     = {On the Existence of Statistically Hiding Bit Commitment
               Schemes and Fail-Stop Signatures.},
  journal   = jcrypt,
 volume = {10},
 number = {3},
  year      = {1997},
  pages     = {163-194},
}

@InProceedings{Damgard93,
title={Interactive Hashing Can Simplify Zero-Knowledge Protocol Design without Computational Assumptions},
author={Ivan B. Damg{\aa}rd},
pages={100--109},
booktitle=crypto93,
year=1993,
}

@Article{Shannon67,
title={Communication Theory of Secrecy Systems},
author={Shannon, Claude},
journal="Bell System Technical Journal",
year="1949",
volume = 28,
number = 4,
pages = "656--715",
}

@Article{GoldreichMiWi91,
  author =   "Oded Goldreich and Silvio Micali and Avi Wigderson",
  title =    "Proofs that Yield Nothing But Their Validity or All Languages in {NP} Have Zero-Knowledge Proof Systems",
  journal =  jacm,
  year =     1991,
 volume = "38",
 number = "1",
 pages = "691--729",
  note = {Preliminary version in {\it FOCS'86}},
}




@Article{LundFoKaNi92,
title={Algebraic Methods for Interactive Proof Systems},
author={Carsten Lund and Lance Fortnow and Howard Karloff and Noam Nisan},
pages={859--868},
journal=jacm,
year=1992,
volume=39,
number=4,
}


@Article{Shamir92,
title={{IP} = {PSPACE}},
author={Adi Shamir},
pages={869--877},
journal=jacm,
year=1992,
volume=39,
number=4,
}

@InProceedings{Cook71,
title={The Complexity of Theorem-Proving Procedures},
author={Cook, Stephen A.},
pages={151--158},
booktitle=stoc03,
}


@Article{Levin73,
  author =   "Leonid A. Levin",
  title =    " Universal'ny\u{\i}e pereborny\u{\i}ezadachi ({Universal} search problems : in {Russian})",
  journal =  "Problemy Peredachi Informatsii",
  year =     "1973",
 volume = "9",
 number = "3",
 pages = "265--266",
}

@InCollection{Karp72,
  author =   "Richard M. Karp",
  title =    "Reducibility among Combinatorial Problems",
  booktitle = "Complexity of Computer Computations",
  publisher =    "Plenum Press, Inc.",
  year =     "1972",
  editor =   "J. W. Thatcher and R. E. Miller",
 pages = "85--103",
}

@InProceedings{Babai85,
title={Trading Group Theory for Randomness},
author={Babai, L{\'a}szl{\'o}},
pages={421--429},
booktitle=stoc17,
}

@Article{BabaiMo88,
  author =   "L{\'{a}}szl{\'{o}} Babai and Shlomo Moran",
  title =    "{A}rthur-{M}erlin Games: A Randomized Proof System and a Hierarchy of Complexity Classes",
  journal =  jcss,
  year =     "1988",
 volume = "36",
 pages = "254--276",
}

@InProceedings{Yao82B,
title={Theory and Applications of Trapdoor Functions},
author={Yao, Andrew C.},
pages={80--91},
booktitle=focs23,
year = 1982,
}
@inproceedings{Yao82,
  author="A. C. Yao",
  title="Protocols for Secure Computations",
  pages="160-164",
  booktitle=focs23,
  year=1982
}




@Article{GoldwasserMi84,
title={Probabilistic Encryption},
author={Shafi Goldwasser and Silvio Micali},
pages={270--299},
journal=jcss,
year=1984,
volume=28,
number=2,
}

@inproceedings{OstrovskyVeYu93,
  author    = {Rafail Ostrovsky and
               Ramarathnam Venkatesan and
               Moti Yung},
  title     = {Interactive Hashing Simplifies Zero-Knowledge Protocol Design},
  booktitle  = ec93,
  year      = {1993},
  pages     = {267-273},
}

@Article{GoldreichKr96,
title={On the Composition of Zero-Knowledge Proof Systems},
author={Oded Goldreich and Hugo Krawczyk},
pages={169--192},
journal=siamjc,
year=1996,
volume=25,
number=1,
note={Preliminary version in {\it ICALP'90}},
}

@InProceedings{BellarePe92,
title={Making Zero-Knowledge Provers Efficient},
author={Bellare, Mihir and Petrank, Erez},
pages={711--722},
booktitle=STOC24,
source={http://theory.lcs.mit.edu/~dmjones/STOC/stoc.bib}
}


@Article{BoppanaHaZa87,
  author =   "Ravi B. Boppana and Johan H{\aa}stad and Stathis Zachos",
  title =    "Does co-{NP} have short interactive proofs?",
  journal =  ipl,
  year =     "1987",
  pages =    "127-132",
}

@Article{BellareGo94,
  Author         = {Bellare, Mihir and Goldwasser, Shafi},
  Title          = {The complexity of decision versus search},
  Journal        = siamjc,
 Volume = {23},
 Number = {1},
  Pages          = {97-119},
  year           = 1994,
}


@article {Bellare02,
    AUTHOR = {Bellare, Mihir},
     TITLE = {A note on negligible functions},
   JOURNAL = jcrypt,
 VOLUME = {15},
 YEAR = {2002},
 NUMBER = {4},
 PAGES = {271--284},
}


@Misc{BellareGoSu97,
  OPTcrossref =  "",
  OPTkey =   "",
  author =   "Mihir Bellare and Oded Goldreich and Madhu Sudan",
  title =    "Personal Communication",
  OPThowpublished = "",
  year =     "1997",
  month =    "June",
  OPTnote =      "",
  OPTannote =    ""
}

@TechReport{DamgardCr96,
  author =   "Ivan Damg{\aa}rd and Ronald Cramer",
  title =    "On Monotone Function Closure of Perfect and Statistical Zero-Knowledge",
  institution = "Centrum voor Wiskunde en Informatica (CWI)",
  number = "CS-R9618",
  year =     "1996",
  note =     "\url{http://www.cwi.nl/ftp/CWIreports/AA/CS-R9618.pdf}",
}

@inproceedings{BrassardD88,
  author    = {Gilles Brassard and
               Ivan Damg{\aa}rd},
  title     = {``Practical IP'' $\Leftarrow$ MA},
  year      = {1988},
  pages     = {580-582},
  booktitle = crypto88,
 series = lncs,
 volume = {403},
 publisher = springer,
}

@Misc{GoldreichGo98b,
  OPTcrossref =  "",
  OPTkey =   "",
  author =   "Oded Goldreich and Shafi Goldwasser",
  title =    "On the possibility of basing cryptography on the assumption that $\mathrm{P} \neq \mathrm{NP}$",
  howpublished = "Theory of Cryptography Library: Record 98-05",
  year =     "1998",
  month =    "February",
  note =     "\verb|http://theory.lcs.mit.edu/~tcryptol|",
  OPTannote =    ""
}


@InProceedings{Ben-OrGoGoHaKiMiRo88,
title={Everything Provable is Provable in Zero-Knowledge},
author={Michael {Ben-Or} and Oded Goldreich and Shafi Goldwasser and
Johan H{\aa}stad and Joe Kilian and Silvio Micali and Phillip
Rogaway},
pages={37--56},
  booktitle = crypto88,
 series = lncs,
 volume = {403},
 publisher = springer,
year=1988,
}


@InProceedings{ImpagliazzoYu87,
title={Direct Minimum-Knowledge Computations (Extended Abstract)},
author={Russell Impagliazzo and Moti Yung},
pages={40--51},
  booktitle = crypto87,
 series = lncs,
 volume = {293},
 publisher = springer,
year=1987,
}


@InProceedings{DiCrescenzoOkYu97,
title={Keeping the {SZK}-Verifier Honest Unconditionally},
author={Giovanni {Di C}rescenzo and Tatsuaki Okamoto and Moti Yung},
pages={31--45},
booktitle= crypto97,
year =1997,
}


@Article{GoldreichOr94,
title={Definitions and Properties of Zero-Knowledge Proof Systems},
author={Oded Goldreich and Yair Oren},
pages={1-32},
journal=jcrypt,
year=1994,
volume=7,
number=1,
}



@Article{GoldreichKa96,
  author =   {Oded Goldreich and Ariel Kahan},
  title =    {How to Construct Constant-Round Zero-Knowledge Proof Systems for {NP}},
  journal =  jcrypt,
  year =     {1996},
 volume = {9},
 number = {3},
 pages = {167--190},
}

@article {HastadImLeLu99,
   AUTHOR = {H{\aa}stad, Johan and Impagliazzo, Russell and Levin, Leonid A.
             and Luby, Michael},
    TITLE = {A pseudorandom generator from any one-way function},
  JOURNAL = siamjc,
 VOLUME = {28},
 YEAR = {1999},
 NUMBER = {4},
 PAGES = {1364--1396},
    note  = {Preliminary versions in {\it STOC'89} and {\it STOC'90}},
}


@article{DolevDwNa00,
  author    = {Danny Dolev and
               Cynthia Dwork and
               Moni Naor},
  title     = {Nonmalleable Cryptography.},
  journal   = siamjc,
 volume = {30},
 number = {2},
  year      = {2000},
  pages     = {391-437},
}




@InProceedings{DolevDwNa91,
title={Non-Malleable Cryptography},
author={Dolev, Danny and Dwork, Cynthia and Naor, Moni},
pages={542--552},
booktitle=STOC23,
source={http://theory.lcs.mit.edu/~dmjones/STOC/stoc.bib},
note={Full version to appear in {\em SIAM J. on Computing}.}
}

@Proceedings{STOC23,
title={Proceedings of the Twenty Third Annual ACM Symposium on Theory
of Computing},
booktitle={Proceedings of the Twenty Third Annual ACM Symposium on
Theory of Computing},
month={6--8 } # may,
year=1991,
address={New Orleans, Louisiana},
c-organization={ACM},
key={ACM},
crossrefonly=1,
source={http://theory.lcs.mit.edu/~dmjones/STOC/stoc.bib}
}

@InProceedings{NaorYu90,
title={Public-key Cryptosystems Provably Secure against Chosen
Ciphertext Attacks},
author={Naor, Moni and Yung, Moti},
pages={427--437},
booktitle=STOC22,
source={http://theory.lcs.mit.edu/~dmjones/STOC/stoc.bib}
}

@Article{Naor91,
   title={Bit Commitment Using Pseudorandomness},
   author={Moni Naor},
   pages={151-158},
   journal=jcrypt,
   year=1991,
 volume=4,
 number=2,
   note="Preliminary version in {\it CRYPTO'89}",
}

@TechReport{DamgardGoWi94,
  author =   "Ivan Damg{\aa}rd and Oded Goldreich and Avi Wigderson",
  title =    "Hashing Functions Can Simplify Zero-Knowledge
          Protocol Design (Too)",
  institution =  "BRICS",
  year =     "1994",
  number =   "RS-94--39",
  month =    "November",
  note =     "See Part~1 of \cite{DamgardGoOkWi95}",
}


@Book{CoverTh91,
  author =   "Thomas M. Cover and Joy A. Thomas",
  title =    "Elements of Information Theory",
  publisher =    "John Wiley \& Sons, Inc.",
  year =     "1991",
  OPTcrossref =  "",
  OPTkey =   "",
  OPTeditor =    "",
  OPTvolume =    "",
  OPTnumber =    "",
  series =   "Wiley Series in Telecommunications",
  OPTaddress =   "",
  edition =  "first",
  OPTmonth =     "",
  OPTnote =      "",
  OPTannote =    ""
}

@InProceedings{Sipser83,
    title={A Complexity Theoretic Approach to Randomness},
    author={Sipser, Michael},
 pages={330--335},
    booktitle=stoc15,
    year =1983,
}

@Proceedings{STOC15,
title={Proceedings of the Fifteenth Annual ACM Symposium on Theory of
Computing},
booktitle={Proceedings of the Fifteenth Annual ACM Symposium on Theory
of Computing},
month={25-27 } # apr,
year=1983,
address={Boston, Massachusetts},
c-organization={ACM},
key={ACM},
crossrefonly=1,
source={http://theory.lcs.mit.edu/~dmjones/STOC/stoc.bib}
}

@Article{EvenSeYa84,
title={The Complexity of Promise Problems with Applications to
Public-Key Cryptography},
author={Shimon Even and Alan L. Selman and Yacov Yacobi},
pages={159--173},
journal=iandc,
year=1984,
volume=61,
number=2,
}

@InProceedings{GMW87,
title   = {How to Play any Mental Game or A Completeness Theorem for Protocols with Honest Majority},
author  = {Goldreich, Oded and Micali, Silvio and Wigderson, Avi},
pages = {218--229},
booktitle= stoc19,
year    = 1987,
}

@TechReport{GoldreichVa98,
  author =   {Oded Goldreich and Salil Vadhan},
  title =    {Comparing Entropies in Statistical Zero-Knowledge with Applications to the Structure of {SZK}},
  institution =  eccc,
  year =     {1998},
  number =   {TR98-063}
}

@inproceedings{GoldreichVa99,
  author    = {Oded Goldreich and
               Salil P. Vadhan},
  title     = {Comparing Entropies in Statistical Zero Knowledge with Applications
               to the Structure of {SZK}},
  booktitle = {IEEE Conference on Computational Complexity},
  year      = {1999},
 pages = {54--73},
  publisher = ieee,
}

@inproceedings{GoldreichSu98,
  author    = {Oded Goldreich and
               Madhu Sudan},
  title     = {Computational Indistinguishability: A Sample Hierarchy.},
  booktitle = {IEEE Conference on Computational Complexity},
  year      = {1998},
  pages     = {24-33},
  publisher = ieee,
}

@Article{FeigeFiSh88,
title={Zero-Knowledge Proofs of Identity},
author={Uriel Feige and Amos Fiat and Adi Shamir},
pages={77-94},
journal=jcrypt,
year=1988,
volume=1,
number=2,
}

@InProceedings{GoldreichSaVa98,
  author    = {Oded Goldreich and Amit Sahai and Salil Vadhan},
  title     = {Honest Verifier Statistical Zero-Knowledge Equals General Statistical Zero-Knowledge},
  booktitle= stoc30,
 pages = "399--408",
  year      = 1998,
}


@InProceedings{GoldreichGo98,
  author =   {Oded Goldreich and Shafi Goldwasser},
  title =    {On the Limits of Non-Approximability of Lattice Problems},
  booktitle= stoc30,
 pages = {1--9},
  year = 1998,
}

@Proceedings{STOC30,
title={Proceedings of the Thirtieth Annual ACM Symposium on Theory of
Computing},
booktitle={Proceedings of the Thirtieth Annual ACM Symposium on
Theory of Computing},
month={23-26 } # may,
year=1998,
address={Dallas},
c-organization={ACM},
key={ACM},
crossrefonly=1
}


@article {GoldreichGo00,
   AUTHOR = {Goldreich, Oded and Goldwasser, Shafi},
    TITLE = {On the limits of nonapproximability of lattice problems},
  JOURNAL = jcss,
     YEAR = {2000},
    PAGES = {540-563},
    NOTE = {30th Annual ACM Symposium on Theory of Computing (Dallas, TX,
             1998)},
}


@InProceedings{KlivansMe99,
  author =   {Adam R. Klivans and Dieter van Melkebeek},
  title =    {Graph Nonisomorphism has Subexponential Size Proofs unless the Polynomial-time Hierarchy Collapses},
  booktitle= stoc31,
 pages = {659--667},
  year =     1999,
}

@InProceedings{SahaiVa97,
title={A Complete Promise Problem for Statistical Zero-Knowledge},
author={Amit Sahai and Salil P. Vadhan},
pages={448--457},
booktitle= focs38,
year=1997,
}

@inproceedings{ReingoldTV04,
  author    = {Omer Reingold and
               Luca Trevisan and
               Salil P. Vadhan},
  title     = {Notions of Reducibility between Cryptographic Primitives.},
  booktitle = tcc04,
  pages     = {1-20},
 series = lncs,
 volume = {2951},
 publisher = springer,
  year      = {2004},
}

@InProceedings{PetrankTa96,
title={On the Knowledge Complexity of {NP}},
author={Erez Petrank and G{\'a}bor Tardos},
pages={494--503},
booktitle= focs37,
year = 1996,
}

@article{PetrankTa02,
  author    = {Erez Petrank and
               G{\'a}bor Tardos},
  title     = {On the Knowledge Complexity of {NP}},
  journal   = {Combinatorica},
 volume = {22},
 number = {1},
  year      = {2002},
  pages     = {83-121},
  note      = {Preliminary version in {\it FOCS'96}},
}

@InProceedings{SahaiVa99,
  author =   {Amit Sahai and Salil Vadhan},
  title =    {Manipulating Statistical Difference},
  booktitle = {Randomization Methods in Algorithm Design ({DIMACS} Workshop, December 1997)},
  year =     {1999},
   pages =    {251-270},
}


@InProceedings{GoldreichSaVa99,
title={Can Statistical Zero-Knowledge be Made Non-Interactive?, or {O}n the Relationship of {SZK} and {NISZK}},
author={Oded Goldreich and Amit Sahai and Salil Vadhan},
pages={467--484},
booktitle= crypto99,
year=1999,
}

@InProceedings{Yao86,
title={How to Generate and Exchange Secrets},
author={Yao, Andrew {Chi-Chih}},
pages={162--167},
booktitle= focs27,
year=1986,
}

@inproceedings{Pedersen91,
  author    = {Torben P. Pedersen},
  title     = {Non-Interactive and Information-Theoretic Secure Verifiable
               Secret Sharing},
  year      = {1991},
  pages     = {129-140},
  booktitle= crypto91,
}

@Book{Sipser:book,
  author    = {Michael Sipser},
  title     = {Introduction to the Theory of Computation},
  publisher = {Thomson Course Technology},
  address   = {Boston, MA, USA},
  year      = 2005,
  edition   = {Second},
}

@Book{Sipser:book-first,
  author    = {Michael Sipser},
  title     = {Introduction to the Theory of Computation},
  publisher = {PWS Publishing},
  year      = {1997},
  edition   = 1,
}


@Book{Papadimitriou94,
  author =   {Christos H. Papadimitriou},
  title =    {Computational Complexity},
  publisher =    {Addison--Wesley},
  year =     {1994},
}

@InProceedings{AjtaiBe84,
title={A Theorem on Probabilistic Constant Depth Computations},
author={Ajtai, Mikl{\'o}s and {Ben-O}r, Michael},
pages={471--474},
booktitle=STOC16,
source={http://theory.lcs.mit.edu/~dmjones/STOC/stoc.bib}
}

@Proceedings{STOC16,
title={Proceedings of the Sixteenth Annual ACM Symposium on Theory of
Computing},
booktitle={Proceedings of the Sixteenth Annual ACM Symposium on Theory
of Computing},
mont={30 } # apr # {--2 } # may,
year=1984,
address={Washington, D.C.},
c-organization={ACM},
key={ACM},
crossrefonly=1,
source={http://theory.lcs.mit.edu/~dmjones/STOC/stoc.bib}
}

@TechReport{GoldreichNiWi95,
  author =   {Oded Goldreich and Noam Nisan and Avi Wigderson},
  title =    {On {Y}ao's {XOR} lemma},
  institution =  {Electronic Colloquium on Computational Complexity},
  year =     {1995},
  OPTkey =   {},
  OPTtype =      {},
  number =   {TR95--050},
  OPTaddress =   {},
  month =    {March},
  note =     webstart # {http://} # webmid # {www.eccc.uni-trier.de/} # webmid # {eccc} # webend,
  OPTannote =    {}
}


@InProceedings{DeSantisDiPeYu94,
title={On Monotone Formula Closure of {SZK}},
author={Alfredo {De S}antis and Giovanni {Di C}rescenzo and Giuseppe
Persiano and Moti Yung},
pages={454--465},
booktitle= focs35,
year = 1994,
}

@inproceedings{DeSantisCPY98,
  author    = {Alfredo {De S}antis and
               Giovanni {Di C}rescenzo and
               Giuseppe Persiano and
               Moti Yung},
  title     = {Image {Density} is Complete for Non-Interactive-{SZK}.},
  booktitle = {Automata, Languages and Programming, 25th International Colloquium, ICALP'98},
  year      = {1998},
  pages     = {784-795},
 publisher = {Springer},
 series = lncs,
 volume = {1443},
}

@Article{Chernoff52,
  author =   {Hermann Chernoff},
  title =    {A Measure of the Asymptotic Efficiency for Tests of a Hypothesis Based on the Sum of Observations},
  journal =  {Annals of Mathematical Statistics},
  year =     {1952},
  volume = {23},
 pages = {493--509},
}


@Article{Hoeffding63,
  author =   {Wassily Hoeffding},
  title =    {Probability Inequalities for Sums of Bounded Random Variables},
  journal =      {Journal of the American Statistical Association},
  year =     {1963},
  pages =    {13--30},
}



@Book{Hofri95,
  author =   {Micha Hofri},
  ALTeditor =    {},
  title =    {Analysis of Algorithms: Computational Methods \& Mathematical Tools},
  publisher =    {Oxford University Press},
  year =     {1995},
  OPTkey =   {},
  OPTvolume =    {},
  OPTnumber =    {},
  OPTseries =    {},
  OPTaddress =   {},
  OPTedition =   {},
  OPTmonth =     {},
  OPTnote =      {},
  OPTannote =    {}
}

@Article{CarterWe79,
title={Universal Classes of Hash Functions},
author={Lawrence J. Carter and Mark N. Wegman},
pages={143--154},
journal=jcss,
year=1979,
volume=18,
number=2,
preliminary={STOC::CarterW1977},
}



 @Article{CarterWe81,
 author={J. Lawrence Carter and Mark N. Wegman},
  title =        "New Hash Functions and Their Use in Authentication and
                 Set Equality",
  journal=jcss,
  year =         "1981",
 }

@Article{FurstSaSi84,
title={Parity, Circuits, and the Polynomial-Time Hierarchy},
author={Merrick Furst and James B. Saxe and Michael Sipser},
pages={13--27},
journal=mst,
month=apr,
year=1984,
volume=17,
number=1,
preliminary={FOCS::FurstSS1981:260},
}

@Article{LadnerLySe75,
title={A Comparison of Polynomial Time Reducibilities},
author={Richard E. Ladner and Nancy A. Lynch and Alan L. Selman},
pages={103--123},
journal=tcs,
year=1975,
volume=1,
number=2,
}


@InProceedings{ImpagliazzoLu89,
title={One-way Functions are Essential for Complexity Based Cryptography},
author={Impagliazzo, Russell and Luby, Michael},
pages={230--235},
booktitle=focs30,
year=1989,
}


@InProceedings{GoldreichGoHa97,
title={Public-Key Cryptosystems from Lattice Reduction Problems},
author={Oded Goldreich and Shafi Goldwasser and Shai Halevi},
pages={112--131},
booktitle= crypto97,
note={See also ECCC TR96-056}
}

@InProceedings{AjtaiDw97,
title={A Public-Key Cryptosystem with Worst-Case/Average-Case
Equivalence},
author={Mikl{\'o}s Ajtai and Cynthia Dwork},
pages={284--293},
booktitle= stoc29,
source={http://theory.lcs.mit.edu/~dmjones/STOC/stoc.bib},
note={See also ECCC TR96-065}
}

@Article{DiffieHe76,
  author =   {Whitfield Diffie and Martin E. Hellman},
  title =    {New Directions in Cryptography},
  journal =  tit,
  year =     {1976},
 volume = {22},
 number = {6},
 pages = {644--654},
}


@InProceedings{ElGamal84,
    title={A Public Key Cryptosystem and a Signature Scheme Based on Discrete Logarithms},
    author={Taher ElGamal},
 pages={10--18},
    booktitle= crypto84,
    year=1984,
}

@Article{GoldreichGoMi86,
title={How to Construct Random Functions},
author={Oded Goldreich and Shafi Goldwasser and Silvio Micali},
area={Theory of Computation},
pages={792--807},
journal=jacm,
year=1986,
}

@Article{Naor1991,
   title    = {Bit Commitment Using Pseudorandomness},
   author   = {Moni Naor},
   pages    = {151-158},
   journal  = jcrypt,
   year     = 1991,
   note     = {Preliminary version in {\it CRYPTO'89}},
}

@InProceedings{Rompel90,
   title    = {One-Way Functions are Necessary and Sufficient for Secure Signatures},
   author   = {Rompel, John},
 pages = {387--394},
   booktitle= stoc22,
   year     = 1990,
}

@Article{KilianPe98,
   title    = {An Efficient Noninteractive Zero-Knowledge Proof System for~{NP} with General Assumptions},
   author   = {Joe Kilian and Erez Petrank},
 pages = {1--27},
   journal  = jcrypt,
   year     = 1998,
 volume = 11,
 number = 1,
}

@InProceedings{Kilian92,
   title    = {A Note on Efficient Zero-Knowledge Proofs and Arguments (Extended Abstract)},
   author   = {Kilian, Joe},
 pages = {723--732},
   booktitle=stoc24,
   year     = 1992
}

@InProceedings{BoyarPe89,
    title   = {On the Concrete Complexity of Zero-Knowledge Proofs},
    author  = {Joan Boyar and Ren{\'e} Peralta},
 pages = {507--525},
    booktitle= crypto89,
    year    = 1989,
}


@InProceedings{Damgard92,
title={Non-Interactive Circuit Based Proofs and Non-Interactive
Perfect Zero-Knowledge with Preprocessing},
author={Ivan Damg{\aa}rd},
pages={341--355},
booktitle= ec92,
year=1992,
}

@InProceedings{Kilian94,
title={On the complexity of Bounded-Interaction and Noninteractive
Zero-Knowledge Proofs},
author={Joe Kilian},
pages={466--477},
booktitle=focs35,
}

@Proceedings{FOCS35,
title={35th Annual Symposium on Foundations of Computer Science},
booktitle={35th Annual Symposium on Foundations of Computer
Science},
month={20-22 } # nov,
year=1994,
address={Santa Fe, New Mexico},
organization={IEEE},
crossrefonly=1,
source={http://theory.lcs.mit.edu/~dmjones/FOCS/focs.bib}
}

@InProceedings{KilianMiOs89,
title={Minimum Resource Zero-Knowledge Proofs (Extended Abstract)},
author={Kilian, Joe and Micali, Silvio and Ostrovsky, Rafail},
pages={474--479},
preliminary={crypto::KilianMO1989},
booktitle=focs30,
}

@Proceedings{FOCS30,
booktitle={Proceedings of the 30th Annual Symposium on Foundations of Computer Science},
year=1989,
}

@Article{FeigeLaSh99,
  author =   {Uriel Feige and Dror Lapidot and Adi Shamir},
  title =    {Multiple Non-Interactive Zero Knowledge Proofs Under General Assumptions},
  journal =      siamjc,
  year =     {1999},
  note =     {Preliminary version in {\it FOCS'90}},
}


@InProceedings{FeigeSh89,
title={Zero Knowledge Proofs of Knowledge in Two Rounds},
author={Uriel Feige and Adi Shamir},
pages={526--545},
booktitle=crypto89,
source={http://theory.lcs.mit.edu/~dmjones/hbp/crypto/crypto.bib}
}


@InProceedings{Oren87,
title={On the Cunning Power of Cheating Verifiers: Some Observations
about Zero Knowledge Proofs (Extended Abstract)},
author={Oren, Yair},
pages={462--471},
booktitle=focs28,
year=1987,
}


@InProceedings{FeigeSh90,
title={Witness Indistinguishable and Witness Hiding Protocols},
author={Feige, Uriel and Shamir, Adi},
pages={416--426},
  booktitle = stoc22,
  publisher = acm,
year=1990,
}


@InProceedings{TompaWo87,
title={Random Self-Reducibility and Zero Knowledge Interactive Proofs
of Possession of Information},
author={Tompa, Martin and Woll, Heather},
pages={472--482},
booktitle= focs28,
source={http://theory.lcs.mit.edu/~dmjones/FOCS/focs.bib},
year=1987,
}

@InProceedings{BellareMiOs90-iso,
author={Bellare, Mihir and Micali, Silvio and Ostrovsky, Rafail},
title={Perfect zero-knowledge in constant rounds},
pages={482--493},
  booktitle = stoc22,
  publisher = acm,
year=1990,
}

@InProceedings{BellareMiOs90-szk,
author={Bellare, Mihir and Micali, Silvio and Ostrovsky, Rafail},
title={The (True) Complexity of Statistical Zero Knowledge},
pages={494--502},
  booktitle = stoc22,
  publisher = acm,
year=1990,
}

@Article{BrassardChCr88,
title={Minimum Disclosure Proofs of Knowledge},
author={Gilles Brassard and David Chaum and Claude Cr{\'e}peau},
pages={156--189},
journal=jcss,
year=1988,
volume=37,
number=2,
}

@Article{BlumDeMiPe91,
title={Noninteractive Zero-Knowledge},
author={Manuel Blum and Alfredo {De S}antis and Silvio Micali and
Giuseppe Persiano},
pages={1084--1118},
journal=siamjc,
year=1991,
volume=20,
number=6,
}

@InProceedings{DeSantisMiPe87,
title={Non-Interactive Zero-Knowledge Proof Systems},
author={Alfredo {De S}antis and Silvio Micali and Giuseppe Persiano},
pages={52--72},
booktitle=crypto87,
}

@InProceedings{DeSantisMiPe88,
title={Non-Interactive Zero-Knowledge with Preprocessing},
author={Alfredo {De S}antis and Silvio Micali and Giuseppe Persiano},
pages={269--282},
booktitle=crypto88,
source={http://theory.lcs.mit.edu/~dmjones/hbp/crypto/crypto.bib}
}

@Unpublished{BellareRo90,
  author =   {Mihir Bellare and Phillip Rogaway},
  title =    {Non-Interactive Perfect Zero-Knowledge},
  note =     {Unpublished manuscript},
  year =     {1990},
  month =    {June},
}

@Article{DeSantisDiPe94,
title={The knowledge complexity of quadratic residuosity languages},
author={Alfredo {De S}antis and Giovanni {Di C}rescenzo and Guiseppe
Persiano},
journal=tcs,
pages={291--317},
year=1994,
volume=132,
number={1--2},
}

@InProceedings{DeSantisDiPe97,
    title       ={Randomness-Efficient Non-Interactive Zero-Knowledge (Extended Abstract)},
    author      = {Alfredo {De S}antis and
                   Giovanni {Di C}rescenzo and
                   Giuseppe Persiano},
    booktitle = {Automata, Languages and Programming, 24th International Colloquium, ICALP},
 pages = {716--726},
    year        = 1997,
}

@InProceedings{DeSantisDiPeYu98,
  author =   "{De S}antis, Alfredo and {Di C}rescenzo, Giovanni and
                Giuseppe Persiano and Moti Yung",
  title =    "{I}mage {D}ensity is Complete for Non-interactive-{SZK}",
  booktitle = {Automata, Languages and Programming, 25th International Colloquium, ICALP},
 pages = "784--795",
  year =     1998,
  note =     "See also preliminary draft of full version, May 1999",
}


@InProceedings{BlumFeMi88,
    title={Non-Interactive Zero-Knowledge and Its Applications (Extended
    Abstract)},
    author={Blum, Manuel and Feldman, Paul and Micali, Silvio},
 pages={103--112},
    booktitle=stoc20,
    year = 1988,
}


@InProceedings{DeSantisYu90,
title={Cryptographic Applications of the Non-Interactive Metaproof and
Many-prover Systems},
author={Alfredo {De S}antis and Moti Yung},
pages={366--377},
booktitle=crypto90,
year=1990,
}


@InProceedings{Brassard79,
title={Relativized Cryptography},
author={Brassard, Gilles},
pages={383--391},
booktitle=focs20,
year=1979,
}


@Article{Schoening88,
title={Graph Isomorphism Is in the Low Hierarchy},
author={Uwe Sch{\"o}ning},
pages={312--323},
journal=jcss,
year=1988,
month=dec,
volume=37,
number=3,
}


@Misc{Goldreich99,
  author =   {Oded Goldreich},
  title =    {Some Useful Trivial Tricks},
  howpublished = {\verb|http://www.wisdom.weizmann.ac.il/~oded/tricks.html|},
  month =    {September},
  year =     {1999},
}

@InProceedings{Spira71,
  author =   {Philip M. Spira},
  title =    {On time-hardware complexity tradeoffs for {B}oolean functions},
  booktitle = {Proceedings of the 4th Hawaii Conference on Systems Sciences},
 pages = {525--527},
  year =     {1971},
}


@article {Rabin80,
   AUTHOR = {Rabin, Michael O.},
    TITLE = {Probabilistic algorithm for testing primality},
  JOURNAL = {Journal of Number Theory},
 VOLUME = {12},
     YEAR = {1980},
 NUMBER = {1},
 PAGES = {128--138},
}


@article {Miller76,
   AUTHOR = {Miller, Gary L.},
    TITLE = {Riemann's hypothesis and tests for primality},
  JOURNAL = jcss,
 VOLUME = {13},
     YEAR = {1976},
 NUMBER = {3},
    PAGES = {300--317},
}

@article {SolovaySt77,
   AUTHOR = {Solovay, R. and Strassen, V.},
    TITLE = {A fast {M}onte-{C}arlo test for primality},
  JOURNAL = siamjc,
 VOLUME = {6},
     YEAR = {1977},
   NUMBER = {1},
    PAGES = {84--85},
}

@incollection {GutfreundBe00,
   AUTHOR = {Danny Gutfreund and Michael {Ben-Or}},
    TITLE = {Increasing the Power of the Dealer in Non-interactive Zero-Knowledge Proof Systems},
    BOOKTITLE = asiacrypt00,
    YEAR = {2000},
}

@PhdThesis{Ong-thesis,
  author =   {Shien Jin Ong},
  title =    {Unconditional Relationships within Zero Knowledge},
  school =   {Harvard University},
  address =  {Cambridge, MA, USA},
  month   =  may,
  year =     {2007},
}

@PhdThesis{Nguyen-thesis,
  author =   {Nguyen, Minh-Huyen},
  title =    {Zero knowledge and efficient provers},
  school =   {Harvard University},
  address =  {Cambridge, MA, USA},
  year =     {2006},
}

@PhdThesis{Barak-thesis,
  author =   {Boaz Barak},
  title =    {Non-Black-Box Techniques in Cryptography},
  school =   {Weizmann Institute of Science},
  address =  {Rehovot, Israel},
  year =     {2004},
}

@PhdThesis{Vadhan-thesis,
  author =   {Salil P. Vadhan},
  title =    {A Study of Statistical Zero-Knowledge Proofs},
  school =   {Massachusetts Institute of Technology},
  address =  {Cambridge, MA, USA},
  year =     {1999},
}

@PhdThesis{Sahai-thesis,
  author =   {Amit Sahai},
  title =    {Frontiers in Zero Knowledge},
  school =   {Massachusetts Institute of Technology},
  address =  {Cambridge, MA, USA},
  year =     {2000},
}

@InProceedings{Vadhan00,
  author    = {Salil P. Vadhan},
  title     = {On Transformations of Interactive Proofs that Preserve the Prover's Complexity},
  booktitle= stoc32,
  pages     = "200--207",
  year      = 2000,
}

@InProceedings{DiCrescenzoSaYu00,
  author =   {Giovanni {Di~C}rescenzo  and Kouichi Sakurai and Moti Yung},
  title =    {On Zero-Knowledge Proofs: ``From Membership to Decision''},
  booktitle= stoc32,
  pages =    "255--264",
  year =     "2000",
}

@article{NaorOsVeYu98,
  author    = {Moni Naor and
               Rafail Ostrovsky and
               Ramarathnam Venkatesan and
               Moti Yung},
  title     = {Perfect Zero-Knowledge Arguments for {NP} Using Any One-Way Permutation},
  journal   = jcrypt,
 volume = {11},
 number = {2},
  year      = {1998},
  pages     = {87-108},
  note      = {Preliminary version in {\it CRYPTO'92}.},
}


@InProceedings{DHRS,
  author =   {Y.Z. Ding and D. Harnik and A. Rosen and R. Shaltiel},
  title =    {Constant-Round Oblivious Transfer in the Bounded Storage Model},
 series = lncs,
 volume = {2951},
 publisher = springer,
 pages = "446--472",
  year =     "2004",
}

@InProceedings{MiltersenVi,
  author =   {P. B. Miltersen and N. V. Vinodchandran},
  title =    {Derandomizing Arthur-Merlin Games Using Hitting Sets},
  booktitle= focs40,
 pages = "71--80",
  year =     "1999",
}



@article{BHZ87,
  author    = {Ravi B. Boppana and
               Johan H{\aa}stad and
               Stathis Zachos},
  title     = {Does co-{NP} Have Short Interactive Proofs?},
  journal   = ipl,
 volume = {25},
 number = {2},
  year      = {1987},
  pages     = {127-132},
  bibsource = {DBLP, http://dblp.uni-trier.de}
}

@techreport{NOV06-eccc,
   title       = {Statistical Zero-Knowledge Arguments for {NP} from Any One-Way Function},
   author      = {{Minh-Huyen} Nguyen and Shien Jin Ong and Salil Vadhan},
   institution = eccc,
   number      = "TR06-075",
   year        = 2006,
}

@inproceedings{ImpagliazzoLe90,
  author    = {Russell Impagliazzo and
               Leonid A. Levin},
  title     = {No Better Ways to Generate Hard {NP} Instances than Picking
               Uniformly at Random},
  booktitle= focs31,
  year      = {1990},
  pages     = {812-821},
}

@inproceedings{BarakGo02,
  author    = {Boaz Barak and
               Oded Goldreich},
  title     = {Universal Arguments and their Applications.},
  booktitle= coco17,
  year      = {2002},
  pages     = {194-203},
}

@article{Micali00,
  author    = {Silvio Micali},
  title     = {Computationally Sound Proofs.},
  journal   = siamjc,
 volume = {30},
 number = {4},
  year      = {2000},
  pages     = {1253-1298},
  note      = {Preliminary version in {\it FOCS'94}}
}

@book{CoverTh:InfoTheory,
  author    = {Cover, Thomas  M.  and
               Thomas, Joy  A. },
  title     = {Elements of information theory},
  publisher = {Wiley-Interscience},
  address   = {New York, NY, USA},
  year      = {2006},
  edition   = {second},
}



@inproceedings{DingHRS04,
  author    = {Yan Zong Ding and
               Danny Harnik and
               Alon Rosen and
               Ronen Shaltiel},
  title     = {Constant-Round Oblivious Transfer in the Bounded Storage Model},
  booktitle = tcc04,
  booktitle= tcc04,
  year      = {2004},
  pages     = {446-472},
}

@inproceedings{CrepeauS06,
  author    = {Claude Cr{\'e}peau and
               George Savvides},
  title     = {Optimal Reductions Between Oblivious Transfers Using Interactive Hashing},
  booktitle  = ec06,
  year      = {2006},
  pages     = {201-221},
}

@inproceedings{BellareP92,
  author    = {Mihir Bellare and
               Erez Petrank},
  title     = {Making Zero-Knowledge Provers Efficient},
  booktitle  =  stoc24,
  year      = {1992},
  pages     = {711-722},
}

@inproceedings{KMS07,
  author     =  {Bruce Kapron and
                Lior Malka and
                Venkatesh Srinivasan},
  title     =  {A Characterization of Non-interactive Instance-Dependent Commitment-Schemes ({NIC})},
  booktitle =  {Automata, Languages and Programming, 34th International
               Colloquium, ICALP 2007},
  year      =  2007,
  publisher =  springer,
  series    = {Lecture Notes in Computer Science},
}

@article{Maurer92,
  author    = {Ueli Maurer},
  title     = {Conditionally-Perfect Secrecy and a Provably-Secure Randomized Cipher.},
  journal   = jcrypt,
 volume = {5},
 number = {1},
  year      = {1992},
  pages     = {53-66},
}

@inproceedings{CachinM97,
  author    = {Christian Cachin and
               Ueli Maurer},
  title     = {Unconditional Security Against Memory-Bounded Adversaries.},
  booktitle = {Advances in Cryptology - CRYPTO '97},
 publisher = {Springer},
 series = lncs,
 volume = {1294},
  year      = {1997},
  pages     = {292-306},
}

@inproceedings{Damgard89,
  author    = {Ivan Damg{\aa}rd},
  title     = {On the Existence of Bit Commitment Schemes and Zero-Knowledge
               Proofs.},
  booktitle = {Advances in Cryptology - CRYPTO '89},
  year      = {1989},
  pages     = {17-27},
 publisher = {Springer},
 series = lncs,
 volume = {435},
}

@inproceedings{PassSh05,
  author    = {Rafael Pass and
               Abhi Shelat},
  title     = {Unconditional Characterizations of Non-interactive Zero-Knowledge.},
  booktitle = {Advances in Cryptology - CRYPTO 2005},
  year      = {2005},
  pages     = {118-134},
 publisher = {Springer},
 series = lncs,
 volume = {3621},
}

@article{Levin86,
  author    = {Leonid A. Levin},
  title     = {Average Case Complete Problems.},
  journal   = siamjc,
 volume = {15},
 number = {1},
  year      = {1986},
  pages     = {285-286},
}

@unpublished{Vadhan:PCMI,
  author    = {Salil P. Vadhan},
  title     = {Interactive Proofs \& Zero-Knowledge Proofs},
  year      = {2000},
  note      = {\url{http://www.eecs.harvard.edu/~salil/papers/pcmi-abs.html}},
}

@article{PedersenP97,
  author    = {Torben P. Pedersen and
               Birgit Pfitzmann},
  title     = {Fail-Stop Signatures.},
  journal   = siamjc,
 volume = {26},
 number = {2},
  year      = {1997},
  pages     = {291-330},
}

@inproceedings{DingR02,
  author    = {Yan Zong Ding and
               Michael O. Rabin},
  title     = {Hyper-Encryption and Everlasting Security.},
  booktitle = stacs19,
  year      = {2002},
  pages     = {1-26},
 publisher = {Springer},
 series = lncs,
 volume = {2285},
}

@inproceedings{Impagliazzo95,
  author    = {Russell Impagliazzo},
  title     = {A Personal View of Average-Case Complexity.},
  booktitle = {Proceedings of the Tenth Annual Structure in Complexity Theory Conference},
  year      = {1995},
  pages     = {134-147},
  publisher = {IEEE Computer Society},
}

@article{BarakL04,
  author    = {Boaz Barak and
               Yehuda Lindell},
  title     = {Strict Polynomial-Time in Simulation and Extraction.},
  journal   = siamjc,
 volume = {33},
 number = {4},
  year      = {2004},
  pages     = {738-818},
  note      = {Preliminary version in {\it STOC'02}.},
}

@unpublished{Gol:zk-survey,
    author  = "Oded Goldreich",
    title   = "Zero-Knowledge twenty years after its invention",
    month   = "March",
    year    = 2004,
    note    = {\url{http://www.wisdom.weizmann.ac.il/~oded/zk-tut02.html}},
}

@inproceedings{DinurSa02,
  author    = {Irit Dinur and
               Shmuel Safra},
  title     = {The importance of being biased},
  booktitle= stoc34,
  year      = {2002},
  pages     = {33-42},
}

@article{FortnowRS94,
  author    = {Lance Fortnow and
               John Rompel and
               Michael Sipser},
  title     = {On the Power of Multi-Prover Interactive Protocols.},
  journal   = tcs,
 volume = {134},
 number = {2},
  year      = {1994},
  pages     = {545-557},
}

@inproceedings{BGKW88,
  author    = {Michael Ben-Or and
               Shafi Goldwasser and
               Joe Kilian and
               Avi Wigderson},
  title     = {Multi-prover interactive proofs: how to remove intractability
               assumptions},
  year      = {1988},
  pages     = {113-131},
  booktitle= stoc20,
}

@article{FeigeGLSS96,
  author    = {Uriel Feige and
               Shafi Goldwasser and
               L{\'a}szl{\'o} Lov{\'a}sz and
               Shmuel Safra and
               Mario Szegedy},
  title     = {Interactive Proofs and the Hardness of Approximating Cliques.},
  journal   = jacm,
 volume = {43},
 number = {2},
  year      = {1996},
  pages     = {268-292},
  note      = {Preliminary version in {\it FOCS'91}.},
}

@article{AroraLMSS98,
  author    = {Sanjeev Arora and
               Carsten Lund and
               Rajeev Motwani and
               Madhu Sudan and
               Mario Szegedy},
  title     = {Proof Verification and the Hardness of Approximation Problems.},
  journal   = jacm,
 volume = {45},
  number    = {3},
  year      = {1998},
  pages     = {501-555},
  note      = {Preliminary version in {\it FOCS'92}.},
}

@article{AroraS98,
  author    = {Sanjeev Arora and
               Shmuel Safra},
  title     = {Probabilistic checking of proofs: a new characterization
               of {NP}},
  journal   = jacm,
  VOLUME    = {45},
  number    = {1},
  year      = {1998},
  pages     = {70-122},
  note      = {Preliminary version in {\it FOCS'92}.},
}

@inproceedings{BellareR97,
  author    = {Mihir Bellare and
               Phillip Rogaway},
  title     = {Collision-resistant hashing: towards making {UOWHFs} practical},
  booktitle = crypto97,
  year      = {1997},
  pages     = {470-484},
  publisher = {Springer},
  series    = {Lecture Notes in Computer Science},
  VOLUME    = {1294},
}


@proceedings{proc:focs1,
  booktitle = focs1,
  publisher = ieee,
}
@proceedings{proc:focs2,
  booktitle = focs2,
  publisher = ieee,
}
@proceedings{proc:focs3,
  booktitle = focs3,
  publisher = ieee,
}
@proceedings{proc:focs4,
  booktitle = focs4,
  publisher = ieee,
}
@proceedings{proc:focs5,
  booktitle = focs5,
  publisher = ieee,
}
@proceedings{proc:focs6,
  booktitle = focs6,
  publisher = ieee,
}
@proceedings{proc:focs7,
  booktitle = focs7,
  publisher = ieee,
}
@proceedings{proc:focs8,
  booktitle = focs8,
  publisher = ieee,
}
@proceedings{proc:focs9,
  booktitle = focs9,
  publisher = ieee,
}
@proceedings{proc:focs10,
  booktitle = focs10,
  publisher = ieee,
}
@proceedings{proc:focs11,
  booktitle = focs11,
  publisher = ieee,
}
@proceedings{proc:focs12,
  booktitle = focs12,
  publisher = ieee,
}
@proceedings{proc:focs13,
  booktitle = focs13,
  publisher = ieee,
}
@proceedings{proc:focs14,
  booktitle = focs14,
  publisher = ieee,
}
@proceedings{proc:focs15,
  booktitle = focs15,
  publisher = ieee,
}
@proceedings{proc:focs16,
  booktitle = focs16,
  publisher = ieee,
}
@proceedings{proc:focs17,
  booktitle = focs17,
  publisher = ieee,
}
@proceedings{proc:focs18,
  booktitle = focs18,
  publisher = ieee,
}
@proceedings{proc:focs19,
  booktitle = focs19,
  publisher = ieee,
}
@proceedings{proc:focs20,
  booktitle = focs20,
  publisher = ieee,
}
@proceedings{proc:focs21,
  booktitle = focs21,
  publisher = ieee,
}
@proceedings{proc:focs22,
  booktitle = focs22,
  publisher = ieee,
}
@proceedings{proc:focs23,
  booktitle = focs23,
  publisher = ieee,
}
@proceedings{proc:focs24,
  booktitle = focs24,
  publisher = ieee,
}
@proceedings{proc:focs25,
  booktitle = focs25,
  publisher = ieee,
}
@proceedings{proc:focs26,
  booktitle = focs26,
  publisher = ieee,
}
@proceedings{proc:focs27,
  booktitle = focs27,
  publisher = ieee,
}
@proceedings{proc:focs28,
  booktitle = focs28,
  publisher = ieee,
}
@proceedings{proc:focs29,
  booktitle = focs29,
  publisher = ieee,
}
@proceedings{proc:focs30,
  booktitle = focs30,
  publisher = ieee,
}
@proceedings{proc:focs31,
  booktitle = focs31,
  publisher = ieee,
}
@proceedings{proc:focs32,
  booktitle = focs32,
  publisher = ieee,
}
@proceedings{proc:focs33,
  booktitle = focs33,
  publisher = ieee,
}
@proceedings{proc:focs34,
  booktitle = focs34,
  publisher = ieee,
}
@proceedings{proc:focs35,
  booktitle = focs35,
  publisher = ieee,
}
@proceedings{proc:focs36,
  booktitle = focs36,
  publisher = ieee,
}
@proceedings{proc:focs37,
  booktitle = focs37,
  publisher = ieee,
}
@proceedings{proc:focs38,
  booktitle = focs38,
  publisher = ieee,
}
@proceedings{proc:focs39,
  booktitle = focs39,
  publisher = ieee,
}
@proceedings{proc:focs40,
  booktitle = focs40,
  publisher = ieee,
}
@proceedings{proc:focs41,
  booktitle = focs41,
  publisher = ieee,
}


@proceedings{proc:focs42,
  booktitle = focs42,
  publisher = ieee,
}
@proceedings{proc:focs48,
  booktitle = focs48,
  publisher = ieee,
}


@proceedings{proc:stoc1,
  booktitle = stoc1,
  publisher = acm,
}
@proceedings{proc:stoc2,
  booktitle = stoc2,
  publisher = acm,
}
@proceedings{proc:stoc3,
  booktitle = stoc3,
  publisher = acm,
}
@proceedings{proc:stoc4,
  booktitle = stoc4,
  publisher = acm,
}
@proceedings{proc:stoc5,
  booktitle = stoc5,
  publisher = acm,
}
@proceedings{proc:stoc6,
  booktitle = stoc6,
  publisher = acm,
}
@proceedings{proc:stoc7,
  booktitle = stoc7,
  publisher = acm,
}
@proceedings{proc:stoc8,
  booktitle = stoc8,
  publisher = acm,
}
@proceedings{proc:stoc9,
  booktitle = stoc9,
  publisher = acm,
}
@proceedings{proc:stoc10,
  booktitle = stoc10,
  publisher = acm,
}
@proceedings{proc:stoc11,
  booktitle = stoc11,
  publisher = acm,
}
@proceedings{proc:stoc12,
  booktitle = stoc12,
  publisher = acm,
}
@proceedings{proc:stoc13,
  booktitle = stoc13,
  publisher = acm,
}
@proceedings{proc:stoc14,
  booktitle = stoc14,
  publisher = acm,
}
@proceedings{proc:stoc15,
  booktitle = stoc15,
  publisher = acm,
}
@proceedings{proc:stoc16,
  booktitle = stoc16,
  publisher = acm,
}
@proceedings{proc:stoc17,
  booktitle = stoc17,
  publisher = acm,
}
@proceedings{proc:stoc18,
  booktitle = stoc18,
  publisher = acm,
}
@proceedings{proc:stoc19,
  booktitle = stoc19,
  publisher = acm,
}
@proceedings{proc:stoc20,
  booktitle = stoc20,
  publisher = acm,
}
@proceedings{proc:stoc21,
  booktitle = stoc21,
  publisher = acm,
}
@proceedings{proc:stoc23,
  booktitle = stoc23,
  publisher = acm,
}
@proceedings{proc:stoc24,
  booktitle = stoc24,
  publisher = acm,
}
@proceedings{proc:stoc25,
  booktitle = stoc25,
  publisher = acm,
}
@proceedings{proc:stoc26,
  booktitle = stoc26,
  publisher = acm,
}
@proceedings{proc:stoc27,
  booktitle = stoc27,
  publisher = acm,
}
@proceedings{proc:stoc28,
  booktitle = stoc28,
  publisher = acm,
}
@proceedings{proc:stoc29,
  booktitle = stoc29,
  publisher = acm,
}
@proceedings{proc:stoc30,
  booktitle = stoc30,
  publisher = acm,
}
@proceedings{proc:stoc31,
  booktitle = stoc31,
  publisher = acm,
}
@proceedings{proc:stoc32,
  booktitle = stoc32,
  publisher = acm,
}
@proceedings{proc:stoc33,
  booktitle = stoc33,
  publisher = acm,
}
@proceedings{proc:stoc34,
  booktitle = stoc34,
  publisher = acm,
}
@proceedings{proc:stoc35,
  booktitle = stoc35,
  publisher = acm,
}
@proceedings{proc:stoc36,
  booktitle = stoc36,
  publisher = acm,
}
@proceedings{proc:stoc37,
  booktitle = stoc37,
  publisher = acm,
}
@proceedings{proc:stoc38,
  booktitle = stoc38,
  publisher = acm,
}
@proceedings{proc:stoc39,
  booktitle = stoc39,
  publisher = acm,
}
@proceedings{proc:stoc40,
  booktitle = stoc40,
  publisher = acm,
}
@proceedings{proc:stoc41,
  booktitle = stoc41,
  publisher = acm,
}
@proceedings{proc:stoc42,
  booktitle = stoc42,
  publisher = acm,
}
@proceedings{proc:crypto06,
  booktitle = crypto06,
  series    = lncs,
  c_VOLUME    = {4117},
  publisher = springer,
}
@proceedings{proc:crypto05,
  booktitle = crypto05,
  series    = lncs,
  c_VOLUME    = {3621},
  publisher = springer,
}
@proceedings{proc:crypto04,
  booktitle = crypto04,
  series    = lncs,
  c_VOLUME    = {3152},
  publisher = springer,
}
@proceedings{proc:crypto03,
  booktitle = crypto03,
  series    = lncs,
  c_VOLUME    = {2729},
  publisher = springer,
}
@proceedings{proc:crypto02,
  booktitle = crypto02,
  series    = lncs,
  c_VOLUME    = {2442},
  publisher = springer,
}
@proceedings{proc:crypto01,
  booktitle = crypto01,
  series    = lncs,
  c_VOLUME    = {2139},
  publisher = springer,
}
@proceedings{proc:crypto00,
  booktitle = crypto00,
  series    = lncs,
  c_VOLUME    = {1880},
  publisher = springer,
}
@proceedings{proc:crypto99,
  booktitle = crypto99,
  series    = lncs,
  c_VOLUME    = {1666},
  publisher = springer,
}
@proceedings{proc:crypto98,
  booktitle = crypto98,
  series    = lncs,
  c_VOLUME    = {1462},
  publisher = springer,
}
@proceedings{proc:crypto97,
  booktitle = crypto97,
  series    = lncs,
  c_VOLUME    = {1294},
  publisher = springer,
}
@proceedings{proc:crypto96,
  booktitle = crypto96,
  series    = lncs,
  c_VOLUME    = {1109},
  publisher = springer,
}
@proceedings{proc:crypto95,
  booktitle = crypto95,
  series    = lncs,
  c_VOLUME    = {963},
  publisher = springer,
}
@proceedings{proc:crypto94,
  booktitle = crypto94,
  series    = lncs,
  c_VOLUME    = {839},
  publisher = springer,
}
@proceedings{proc:crypto93,
  booktitle = crypto93,
  series    = lncs,
  c_VOLUME    = {773},
  publisher = springer,
}
@proceedings{proc:crypto92,
  booktitle = crypto92,
  series    = lncs,
  c_VOLUME    = {740},
  publisher = springer,
}
@proceedings{proc:crypto91,
  booktitle = crypto91,
  series    = lncs,
  c_VOLUME    = {576},
  publisher = springer,
}
@proceedings{proc:crypto90,
  booktitle = crypto90,
  series    = lncs,
  c_VOLUME    = {537},
  publisher = springer,
}
@proceedings{proc:crypto89,
  booktitle = crypto89,
  series    = lncs,
  c_VOLUME    = {435},
  publisher = springer,
}
@proceedings{proc:crypto88,
  booktitle = crypto88,
  series    = lncs,
  c_VOLUME    = {403},
  publisher = springer,
}
@proceedings{proc:crypto87,
  booktitle = crypto87,
  series    = lncs,
  c_VOLUME    = {293},
  publisher = springer,
}
@proceedings{proc:crypto86,
  booktitle = crypto86,
  series    = lncs,
  c_VOLUME    = {263},
  publisher = springer,
}
@proceedings{proc:crypto85,
  booktitle = crypto85,
  series    = lncs,
  c_VOLUME    = {218},
  publisher = springer,
}
@proceedings{proc:crypto84,
  booktitle = crypto84,
  series    = lncs,
  c_VOLUME    = {196},
  publisher = springer,
}

@proceedings{proc:tcc08,
  booktitle = tcc08,
  C_series    = lncs,
  c_VOLUME    = {},
  publisher = springer,
}

@proceedings{proc:tcc07,
  booktitle = tcc07,
  series    = lncs,
  c_VOLUME    = {},
  publisher = springer,
}
@proceedings{proc:tcc06,
  booktitle = tcc06,
  series    = lncs,
  c_VOLUME    = {3876},
  publisher = springer,
}
@proceedings{proc:tcc05,
  booktitle = tcc06,
  C_series    = lncs,
  c_VOLUME    = {3378},
  publisher = springer,
}
@proceedings{proc:tcc04,
  booktitle = tcc04,
  C_series    = lncs,
  c_VOLUME    = {2951},
  publisher = springer,
}
@proceedings{proc:ec07,
  booktitle = ec07,
  series    = lncs,
  c_VOLUME    = {4515},
  publisher = springer,
}
@proceedings{proc:ec06,
  booktitle = ec06,
  series    = lncs,
  c_VOLUME    = {4004},
  publisher = springer,
}
@proceedings{proc:ec05,
  booktitle = ec05,
  C_series    = lncs,
  c_VOLUME    = {3494},
  C_publisher = springer,
}
@proceedings{proc:ec04,
  booktitle = ec04,
  series    = lncs,
  c_VOLUME    = {3027},
  publisher = springer,
}
@proceedings{proc:ec03,
  booktitle = ec03,
  series    = lncs,
  c_VOLUME    = {2656},
  publisher = springer,
}
@proceedings{proc:ec02,
  booktitle = ec02,
  series    = lncs,
  c_VOLUME    = {2332},
  publisher = springer,
}
@proceedings{proc:ec01,
  booktitle = ec01,
  series    = lncs,
  c_VOLUME    = {2045},
  publisher = springer,
}
@proceedings{proc:ec00,
  booktitle = ec00,
  series    = lncs,
  c_VOLUME    = {1807},
  publisher = springer,
}
@proceedings{proc:ec99,
  booktitle = ec99,
  series    = lncs,
  c_VOLUME    = {1592},
  publisher = springer,
}
@proceedings{proc:ec98,
  booktitle = ec98,
  series    = lncs,
  c_VOLUME    = {1403},
  publisher = springer,
}
@proceedings{proc:ec97,
  booktitle = ec97,
  series    = lncs,
  c_VOLUME    = {1233},
  publisher = springer,
}
@proceedings{proc:ec96,
  booktitle = ec96,
  series    = lncs,
  c_VOLUME    = {1070},
  publisher = springer,
}
@proceedings{proc:ec95,
  booktitle = ec95,
  series    = lncs,
  c_VOLUME    = {921},
  publisher = springer,
}
@proceedings{proc:ec94,
  booktitle = ec94,
  series    = lncs,
  c_VOLUME    = {950},
  publisher = springer,
}
@proceedings{proc:ec93,
  booktitle = ec93,
  series    = lncs,
  c_VOLUME    = {765},
  publisher = springer,
}
@proceedings{proc:ec92,
  booktitle = ec92,
  series    = lncs,
  c_VOLUME    = {658},
  publisher = springer,
}
@proceedings{proc:ec91,
  booktitle = ec91,
  series    = lncs,
  c_VOLUME    = {547},
  publisher = springer,
}
@proceedings{proc:ec90,
  booktitle = ec90,
  series    = lncs,
  c_VOLUME    = {473},
  publisher = springer,
}
@proceedings{proc:ec89,
  booktitle = ec89,
  series    = lncs,
  c_VOLUME    = {434},
  publisher = springer,
}
@proceedings{proc:ec88,
  booktitle = ec88,
  series    = lncs,
  c_VOLUME    = {330},
  publisher = springer,
}
@proceedings{proc:ec87,
  booktitle = ec87,
  series    = lncs,
  c_VOLUME    = {304},
  publisher = springer,
}
@proceedings{proc:ec86,
  booktitle = {No formal proceedings},
}
@proceedings{proc:ec85,
  booktitle = ec85,
  series    = lncs,
  c_VOLUME    = {219},
  publisher = springer,
}
@proceedings{proc:ec84,
  booktitle = ec84,
  series    = lncs,
  c_VOLUME    = {209},
  publisher = springer,
}

@proceedings{proc:ac97,
  booktitle = ac97,
  series    = lncs,
  c_VOLUME    = {209},
  C_publisher = springer,
}

%%%%%%%%%%%%%%%%%%%%%%%%%%% Added by Iftach
@Article{Lindell03,
  author =   {Yehuda Lindell},
  title =    {Parallel Coin-Tossing and Constant-Round Secure Two-Party
        Computation},
  journal =      jcrypt,
  year =     {2003},
 volume = {16},
 number = {3},
  pages = "143--184",
}


@Article{Lindell06,
  title =   "A Simpler Construction of {CCA2}-Secure
         Public-Key Encryption under General Assumptions",
  author =  "Yehuda Lindell",
  journal = "J. Cryptology",
  year =    "2006",
  number =  "3",
  VOLUME =  "19",
  bibdate = "2007-02-09",
  pages =   "359--377",
}


@InProceedings{Sahai99,
  title =   "Non-Malleable Non-Interactive Zero Knowledge and
         Adaptive Chosen-Ciphertext Security",
  author =  "Amit Sahai",
  year =    "1999",
  booktitle =   focs40,
  pages =   "543--553",
  URL =     "http://computer.org/proceedings/focs/0409/04090543abs.htm",
}

@article{EvenGL85,
    author={Shimon Even and Oded Goldreich and Abraham Lempel},
    title={A Randomized Protocol for Signing Contracts.},
    journal={Communications of the ACM},
    VOLUME={28},
    year={1985},
    pages={637-647},
    number={6}
}




@inproceedings{Kilian88,
    author={Joe Kilian},
    title={Founding Cryptography on Oblivious Transfer},
     booktitle = stoc20,
    year={1988},
    pages={20-31}
}

@InProceedings{IshaiEtAl06,
  author =  "Yuval Ishai and Eyal Kushilevitz and Yehuda Lindell and Erez Petrank",
  title =   "Black-box Constructions for Secure Computation",
  booktitle = stoc38,
  year =    "2006",
}

@InProceedings{DiCMalOst00,
  author =  "Giovanni {Di C}rescenzo and Tal Malkin and Rafail Ostrovsky",
  title =   "Single Database Private Information Retrieval Implies
         Oblivious Transfer",
  booktitle=ec00,
  year =    "2000",
}


@InProceedings{KushilevitzO97,
  title =   "Replication is {NOT} Needed: {SINGLE} Database,
         Computationally-Private Information Retrieval",
  author =  "Eyal Kushilevitz and Rafail Ostrovsky",
  year =    "1997",
  booktitle =   focs38,
  pages =   "364--373",
}

@InProceedings{Stern98,
  author =  "Julien. P. Stern",
  title =   "A New and Efficient All-Or-Nothing Disclosure of Secrets Protocol",
  booktitle = ac98,
  year =    "1998",
}


@inproceedings{WolfW06,
    author={Stefan Wolf and J{\"u}rg Wullschleger},
    title={Oblivious Transfer Is Symmetric},
    booktitle=ec06,
    year={2006},
    pages={222-232}
}



@misc{Rabin81,
author = "M. O. Rabin",
title = "How to Exchange Secrets by Oblivious Transfer",
howpublished = "TR-81, Harvard",
year = "1981"}

}


@InProceedings{CreKil88,
  author =  "Crepeau and Kilian",
  title =   "Weakening Security Assumptions and Oblivious Transfer",
  booktitle =  crypto88,
  year =    "1988",
}


@InProceedings{Crepeau87,
  title =        "Equivalence between Two Flavours of Oblivious
                 Transfers",
  author =       "Claude Cr{\'e}peau",
  booktitle =  crypto87,
  year =         "1987",
 }

 @InProceedings{BraCreRob86a,
  author =  "Brassard and Crepeau and Robert",
  title =   "Information Theoretic Reductions Among Disclosure
         Problems",
  booktitle =   focs27,
  year =    "1986",
}

@InProceedings{CreSan91,
  author =  "Crepeau and Santha",
  title =   "On the Reversibility of Oblivious Transfer",
  booktitle =ec91,
  year =    "1991",
}

@Article{Blum83,
  title =   "How to Exchange (Secret) Keys",
  author =  "Manuel Blum",
  journal = "ACM Transactions on Computer Systems",
  year =    "1983",
}


@inproceedings{GertnerKMRV00,
    author={Yael Gertner and Sampath Kannan and Tal Malkin and Omer Reingold and Mahesh
        Viswanathan},
    title={The Relationship between Public Key Encryption and Oblivious Transfer},
    booktitle = stoc32,
    year={2000},
}


@inproceedings{HaitnerHR06a,
  author="Iftach Haitner and Danny Harnik and Omer Reingold",
  title={On the Power of the Randomized Iterate},
  booktitle = crypto06,
  pages =   "22--40",
  year=2006,
}

@inproceedings{HaitnerHR06b,
  author="Iftach Haitner and Danny Harnik and Omer Reingold",
  title={Efficient Pseudorandom Generators from Exponentially Hard One-Way Functions},
  booktitle = {Automata, Languages and Programming, 24th International Colloquium, ICALP},
  year=2006,
}


@article{GoldreichKL93,
author = "Oded Goldreich and Hugo Krawczyk and Michael Luby",
title = "On the Existence of Pseudorandom Generators",
JOURNAL   = siamjc,
VOLUME = "22",
number = 6,
pages = "1163--1175",
year = 1993
}


@inproceedings{Holenstein06,
    author     = {Thomas Holenstein},
    title      = {Pseudorandom Generators from One-Way Functions: A Simple Construction for Any Hardness},
    booktitle = tcc06,
    year       = 2006,
}

@inproceedings{Fischlin02,
    author={Marc Fischlin},
    title={On the Impossibility of Constructing Non-Interactive Statistically-Secret
        Protocols from any Trapdoor One-Way Function},
    booktitle={Topics in Cryptology - The Cryptographers' Track at the RSA Conference},
    year={2002},
    pages={79-95}
}


@inproceedings{GoldreichILVZ90,
  author="Oded Goldreich and Russell Impagliazzo and Leonid A. Levin and Ramarathnam Venkatesan and David Zuckerman",
  title="Security Preserving Amplification of Hardness",
  pages="318-326",
  booktitle = focs31,
  year=1990
}
@InProceedings{BlumM82,
  author =       "Manuel Blum and Silvio Micali",
  title =        "How to Generate Cryptographically Strong Sequences of
                 Pseudo Random Bits",
  pages =        "112--117",
  booktitle =    focs23,
  year =         "1982",
}


@article{LubyR88,
author = "Michael Luby and Charles Rackoff",
title = "How to Construct Pseudorandom Permutations from Pseudorandom Functions",
JOURNAL   = siamjc,
VOLUME = "17",
number = 2,
pages = "373--386",
year = 1988
}

@InProceedings{GoldreichL89,
author={Oded Goldreich and Leonid A. Levin},
title={A Hard-Core Predicate for all One-Way Functions},
booktitle= stoc21,
pages={25--32},
year=1989
}

@Article{Levin87,
author={Leonid A. Levin},
title={One-Way Functions and Pseudorandom Generators},
journal={Combinatorica},
VOLUME={7},
pages = "357-363",
year={1987}
}

@InProceedings{ImpagliazzoLL89,
author = "Russell Impagliazzo and Leonid A. Levin and Michael Luby",
title = "Pseudo-random Generation from One-Way Functions",
booktitle=stoc21,
pages={12--24},
year=1989
}


@InProceedings{Hastad90,
author={Johan H{\aa}stad},
title = "Pseudo-random Generators under Uniform Assumptions",
booktitle=stoc22,
pages={387--394},
year=1990
}

@Article{Nisan92,
author={Noam Nisan},
title={Pseudorandom generators for space-bounded computation},
journal={Combinatorica},
VOLUME={12},
number={4},
pages = "449-461",
year={1992}
}


@inproceedings{ImpagliazzoZ89,
  author="Russell Impagliazzo and David Zuckerman",
  title="How to Recycle Random Bits",
  pages="248--253",
  booktitle=focs30,
  year=1989
}


@inproceedings{Holenstein05,
    author     = {Thomas Holenstein},
    title      = {Key Agreement from Weak Bit Agreement},
    booktitle  = stoc37,
    pages      = {664--673},
    year       = 2005
}

@misc{Holenstein06b,
    author     = {Thomas Holenstein},
    title      = {Strengthening key agreement using hard-core sets - {PhD} thesis},
    year       = 2006
}

@Article{ApplebaumIK06a,
  author    = {Benny Applebaum and Yuval Ishai and Eyal Kushilevitz},
  title     = {Cryptography in {NC}$^{\mbox{0}}$.},
  journal = siamjc,
  VOLUME =  "36",
  year =    "2006",
}

@misc{Phillips93,
  autohr="S. Phillips",
  title="Security Preserving Hardness Amplification using {PRG}s for Bounded Space",
  howpublished="Preliminary Report, Unpublished",
  year=1993
}


@InProceedings{DiCrescenzoI99,
author={Giovanni {Di Crescenzo} and Russell Impagliazzo},
title={Security-Preserving Hardness-Amplification for Any Regular One-Way Function},
booktitle=stoc31,
pages={169-178},
year=1999
}


@inproceedings{HerzbergL92,
  author="Amir Herzberg and Michael Luby",
  title="Pubic Randomness in Cryptography",
  pages="421-432",
  booktitle = crypto92,
 publisher = {Springer},
 volume=740,
  year=1992
}


@Article{NaorN93,
  title =        "Small-Bias Probability Spaces: Efficient Constructions
                 and Applications.",
  author =       "Joseph Naor and Moni Naor",
  year =         1993,
  journal =      siamjc,
}


@InProceedings{ImpagliazzoNW94,
author={Russell Impagliazzo and Noam Nisan and Avi Wigderson},
title={Pseudorandomness for network algorithms},
booktitle= stoc26,
pages={356-364},
year=1994
}

@Article{Topsoe01,
  title =   "Bounds for Entropy and Divergence for Distributions over a Two-Element Set",
  author =  "Flemming Tops{\o}e",
  journal = "Journal of Inequalities in Pure and Applid Mathematics",
  year =    "2001",
}

@inproceedings{KimST99,
    author={Jeong Han Kim and Daniel R. Simon and Prasad Tetali},
    title={Limits on the Efficiency of One-Way Permutation-Based Hash Functions},
    booktitle= focs40,
    year={1999},
    pages={535-542}
}

@inproceedings{Wee07,
  author    = {Hoeteck Wee},
  title     = {One-Way Permutations, Interactive Hashing and Statistically
               Hiding Commitments},
  year      = {2007},
  pages     = {419-433},
  booktitle= tcc07}

@ARTICLE{HNORV08,
  AUTHOR =       {Iftach Haitner and Minh Nguyen and Shien Jin Ong and Omer Reingold and Salil Vadhan},
  TITLE =        {Statistically Hiding Commitments and Statistical Zero-Knowledge Arguments from any One-Way Function},
  JOURNAL =      {SIAM Journal on Computing},
  YEAR =         {2009},
 pages     = {1153-1218},
  note =         {Preliminary versions in {\em FOCS `06} and {\em STOC `07}.}
}

@article{GennaroGKT05,
  author    = {Rosario Gennaro and
               Yael Gertner and
               Jonathan Katz and
               Luca Trevisan},
  title     = {Bounds on the Efficiency of Generic Cryptographic Constructions},
  journal   = siamjc,
  VOLUME    = {35},
  number    = {1},
  year      = {2005},
  pages     = {217-246},
  ee        = {http://epubs.siam.org/SICOMP/c_VOLUME-35/art_44327.html},
  bibsource = {DBLP, http://dblp.uni-trier.de}
}

@inproceedings{HorvitzK05,
  author    = {Omer Horvitz and
               Jonathan Katz},
  title     = {Bounds on the Efficiency of "Black-Box" Commitment Schemes},
  booktitle = {ICALP '05},
  year      = {2005},
  pages     = {128-139},
}



@InProceedings{OstrovskyVY1992,
  title =   "Secure Commitment Against All Powerful Adversary",
  author =  "Rafail Ostrovsky and Ramarathnam Venkatesan and Moti Yung",
  booktitle =   "9th Annual Symposium on Theoretical Aspects of Computer Science",
  year =    "1992",
  pages =   "439--448",
}


@inproceedings{CachinCM98,
  author    = {Christian Cachin and
               Claude Cr{\'e}peau and
               Julien Marcil},
  title     = {Oblivious Transfer with a Memory-Bounded Receiver},
  booktitle  = focs39,
  year      = {1998},
  pages     = {493-502},
}




@Article{GoldreichLN2001,
  author =       "Oded Goldreich",
  title =        "Randomized Methods in Computation - Lecture Notes",
  booktitle =    "www.wisdom.weizmann.ac.il/~oded/rnd.html",
  year =         "2001",
 }

 @techreport{KoshibaS06,
  author="Takeshi Koshiba and Yoshiharu Seri",
  title={Round-Efficient One-Way Permutation Based Perfectly Concealing Bit Commitment Scheme},
  howpublished="ECCC, TR06-093",
  year=2006,
}



@Article{GoldreichGolLin98,
  author =  "Oded Goldreich and Shafii Goldwasser and Nathan Linial",
  title =   "Fault-Tolerant Computation in the Full Information
         Model",
  JOURNAL   = siamjc,
  year =    "1998",
}


@Article{OstrovskyVY:IH,
  author    = {Rafail Ostrovsky and
               Ramarathnam Venkatesan and
               Moti Yung},
  title     = {Fair Games Against an All-Powerful Adversary},
  journal   = {AMS DIMACS Series in Discrete Mathematics and Theoretical Computer Science},
  pages     = "155-169",
  year      = 1993,
  note      = "Preliminary version in {\it SEQUENCES'91}",
}

@inproceedings{OVY91,
  title =   "Fair Games Against an All-Powerful Adversary",
  author =  "Rafail Ostrovsky and Ramarathnam Venkatesan and Moti
         Yung",
   booktitle =    "Sequences",
  year =    "1991",
  PAGES = {155-169},

}


@InProceedings{HaitnerReVaWe09,
  author =       {Iftach Haitner and Omer Reingold and Salil Vadhan and Hoeteck Wee},
  title =        {Inaccessible Entropy},
  booktitle  = stoc41,
  PAGES = {611--620},
  year = {2009},
 }

@inproceedings{ChoLO10,
  author    = {Chongwon Cho and Chen-Kuei Lee and Rafail Ostrovsky},
  title     = {Equivalence of Uniform Key Agreement and Composition Insecurity},
  booktitle = crypto10,
  year      = {2010},
  pages     = {447-464},
}

@inproceedings{Myers04,
  author    = {Steven Myers},
  title     = {Black-Box Composition Does Not Imply Adaptive Security},
  booktitle = ec04,
  year      = {2004},
  pages     = {189-206},
}

@inproceedings{Pietrzak05,
  author    = {Krzysztof Pietrzak},
  title     = {Composition Does Not Imply Adaptive Security},
  booktitle = crypto05,
  year      = {2005},
  pages     = {55-65},
}

@inproceedings{Pietrzak06,
  author    = {Krzysztof Pietrzak},
  title     = {Composition Implies Adaptive Security in Minicrypt},
  booktitle = ec06,
  year      = {2006},
  pages     = {328-338},
}

@inproceedings{MaurerP04,
  author    = {Ueli Maurer and
               Krzysztof Pietrzak},
  title     = {Composition of Random Systems: When Two Weak Make One Strong},
  booktitle = tcc04,
  year      = {2004},
  pages     = {410-427},
}

@inproceedings{NaorR95,
  author    = {Moni Naor and
               Omer Reingold},
  title     = {Synthesizers and Their Application to the Parallel Construction
               of Psuedo-Random Functions},
  booktitle = focs36,
  year      = {1995},
  pages     = {170-181},
}

@article{NaorR99,
  author    = {Moni Naor and
               Omer Reingold},
  title     = {Synthesizers and Their Application to the Parallel Construction
               of Pseudo-Random Functions},
  journal   = jcss,
  year      = {1999},
  pages     = {336-375},
}

@inproceedings{GoldreichGM84,
  author    = {Oded Goldreich and
               Shafi Goldwasser and
               Silvio Micali},
  title     = {On the Cryptographic Applications of Random Functions},
  booktitle = crypto84,
  year      = {1984},
  pages     = {276-288},
}

@book{Luby96,
  author    = {Michael Luby},
  title     = {Pseudorandomness and cryptographic applications},
  publisher = {Princeton University Press},
  series    = {Princeton computer science notes},
  year      = {1996},
  isbn      = {978-0-691-02546-9},
  pages     = {I-XVI, 1-234},
}

@inproceedings{BellareG89,
  author    = {Mihir Bellare and
               Shafi Goldwasser},
  title     = {New Paradigms for Digital Signatures and Message Authentication
               Based on Non-Interative Zero Knowledge Proofs},
  booktitle = crypto89,
  year      = {1989},
  pages     = {194-211},
}

@article{BlumEGKN94,
  author    = {Manuel Blum and
               William S. Evans and
               Peter Gemmell and
               Sampath Kannan and
               Moni Naor},
  title     = {Checking the Correctness of Memories},
  journal   = {Algorithmica},
  volume    = {12},
  number    = {2/3},
  year      = {1994},
  pages     = {225-244},
}

@article{ChorFNP00,
  author    = {Benny Chor and
               Amos Fiat and
               Moni Naor and
               Benny Pinkas},
  title     = {Tracing traitors},
  journal   = {IEEE Transactions on Information Theory},
  volume    = {46},
  number    = {3},
  year      = {2000},
  pages     = {893-910},
}

@inproceedings{Goldreich86a,
  author    = {Oded Goldreich},
  title     = {Towards a Theory of Software Protection},
  booktitle = crypto86,
  year      = {1986},
  pages     = {426-439},
}

@article{LubyR88,
  author    = {Michael Luby and
               Charles Rackoff},
  title     = {How to Construct Pseudorandom Permutations from Pseudorandom
               Functions},
  journal   = siamjc,
  volume    = {17},
  number    = {2},
  year      = {1988},
  pages     = {373-386},
}

@inproceedings{Ostrovsky89,
  author    = {Rafail Ostrovsky},
  title     = {An Efficient Software Protection Scheme},
  booktitle = crypto89,
  year      = {1989},

}

@inproceedings{BellareCK96,
  author    = {Mihir Bellare and
               Ran Canetti and
               Hugo Krawczyk},
  title     = {Pseudorandom Functions Revisited: The Cascade Construction
               and Its Concrete Security},
  booktitle = focs37,
  year      = {1996},
  pages     = {514-523},
}

@article{PaghP08,
  author    = {Anna Pagh and
               Rasmus Pagh},
  title     = {Uniform Hashing in Constant Time and Optimal Space},
  journal   = siamjc,
  volume    = {38},
  number    = {1},
  year      = {2008},
  pages     = {85-96},
}

@inproceedings{BilletEG10,
  author    = {Olivier Billet and
               Jonathan Etrog and
               Henri Gilbert},
  title     = {Lightweight Privacy Preserving Authentication for RFID Using
               a Stream Cipher},
  booktitle = fse18,
  year      = {2010},
  pages     = {55-74},
}

@article{JetchevOS12,
  author    = {D. Jetchev and
		O. Ozen, and
                     M. Stam},
  title     = {Understanding Adaptivity: Random Systems Revisited},
  journal   = {Manuscript in preparation},
}

@inproceedings{BermanH12,
  author    = {Itay Berman and
               Iftach Haitner},
  title     = {From Non-adaptive to Adaptive Pseudorandom Functions},
  booktitle = tcc12,
  year      = {2012},
  pages     = {357-368},
}

@inproceedings{BermanHKN13,
  author    = {Itay Berman and
               Iftach Haitner and
               Ilan Komargodski and
               Moni Naor},
  title     = {Hardness Preserving Reductions via Cuckoo Hashing},
  booktitle = tcc13,
  year      = {2013},
  pages     = {40-59},
}

@inproceedings{DamgardN02,
  author    = {Ivan Damg{\aa}rd and
               Jesper Buus Nielsen},
  title     = {Expanding Pseudorandom Functions; or: From Known-Plaintext
               Security to Chosen-Plaintext Security},
  booktitle = crypto02,
  year      = {2002},
  pages     = {449-464},
}

@inproceedings{MaurerS07,
  author    = {Ueli Maurer and
               Johan Sj{\"o}din},
  title     = {A Fast and Key-Efficient Reduction of Chosen-Ciphertext
               to Known-Plaintext Security},
  booktitle = ec07,
  year      = {2007},
  pages     = {498-516},
}

@inproceedings{MaurerT08,
  author    = {Ueli Maurer and
               Stefano Tessaro},
  title     = {Basing PRFs on Constant-Query Weak PRFs: Minimizing Assumptions
               for Efficient Symmetric Cryptography},
  booktitle = ac08,
  year      = {2008},
  pages     = {161-178},
}

@inproceedings{DodisKPW12,
  author    = {Yevgeniy Dodis and
               Eike Kiltz and
               Krzysztof Pietrzak and
               Daniel Wichs},
  title     = {Message Authentication, Revisited},
  booktitle = ec12,
  year      = {2012},
  pages     = {355-374},
}

@article{LyubashevskyM13,
  author    = {Vadim Lyubashevsky and
               Daniel Masny},
  title     = {Man-in-the-Middle Secure Authentication Schemes from LPN and Weak PRFs},
  journal   = {IACR Cryptology ePrint Archive},
  volume    = {2013},
  year      = {2013},
  pages     = {92},
  ee        = {http://eprint.iacr.org/2013/092},
}

@book{RobertsV73,
  author    = {A. Wayne Roberts and
		Dale E. Varberg},
  title     = {Convex Functions},
  year      = {1973},
  publisher = {Academic Press Inc},
}

@InProceedings{HaitnerOmri11,
  title={Coin Flipping with Constant Bias Implies One-Way Functions},
  author={Iftach Haitner and Eran Omri},
  booktitle=focs52,
  pages={110--119 },
  year={2011},
}


@InProceedings{GoldreichGoMi85,
 author={Oded Goldreich and Shafi Goldwasser and Silvio Micali},
  title = "On the Cryptographic Applications of Random Functions",
 booktitle = crypto84,
  pages = "276--288",
   year = {1984}
}


@ARTICLE{HaitnerNgOnReVa09,
 author = {Iftach Haitner and Minh Nguyen and Shien Jin Ong and Omer Reingold and Salil Vadhan},
 title = {Statistically Hiding Commitments and Statistical Zero-Knowledge Arguments from Any One-Way Function},
 JOURNAL = siamjc,
 YEAR = {2009},
 volume = {39},
 number = {3},
 pages = {1153--1218}
}


@InProceedings{Blum81,
  title =   "Coin Flipping by Telephone",
  author =  "Manuel Blum",
  year =    "1981",
  booktitle =   crypto81,
  pages =   "11--15",
}


@InProceedings{Maji10,
  title={On the Computational Complexity of Coin Flipping},
  author={Hemanta K. Maji and Manoj Prabhakaran and Amit Sahai},
  booktitle=focs51,
  pages={613--622},
  year={2010},
}


@InProceedings{Zachos86,
  title ={Probabilistic Quantifiers, Adversaries, and Complexity Classes: An Overview},
author ={Stathis Zachos},
booktitle =coco01,
pages = {383-400},
  year = {1986},
}


@misc{Moc07,
      author       = "Mochon, Carlos",
      title        = "Quantum weak coin flipping with arbitrarily small bias",
      howpublished = "arXiv:0711.4114",
      year         = "2007",
}


@inproceedings{ChaillouxKerenidis09,
 author = {A. Chailloux and I. Kerenidis},
 title = {Optimal Quantum Strong Coin Flipping},
 booktitle = Focs50,
 year = {2009},
 pages = {527--533},
}


@Unpublished{Kit03,
    author = {A. Y. Kitaev},
    title  ={Quantum coin-flipping},
    note = {Presentation at the 6th workshop on quantum information
processing (qip 2003)},
    year = {2003}
}


@Misc{ABCGM85,
    author = {B. Averbuch and M. Blum and B. Chor and S. Goldwasser and S. Micali},
    title = {How to implement {Bracha}'s ${O}(\log n)$ {Byzantine} agreement algorithm},
        note = {Unpublished manuscript},
    year = {1985}
}


@InProceedings{Cleve86,
  author = "Richard  Cleve",
  title =  {Limits on the Security  of Coin Flips When  Half the Processors are Faulty},
  pages = "364--369",
  booktitle = stoc18,
  year = "1986",
}


`@InProceedings{Dachman11,
  title =   "On the Black-Box Complexity of Optimally-Fair Coin
         Tossing",
  author =  "Dana Dachman-Soled and Yehuda Lindell and Mohammad
         Mahmoody and Tal Malkin",
  booktitle =   tcc11,
  year =    "2011",
  volume = "6597",
  pages =   "450--467",
}


@inproceedings{MoranNS09,
  author    = {Tal Moran and Moni Naor and Gil Segev},
  title     = {An Optimally Fair Coin Toss},
  booktitle = tcc09,
  year      = {2009},
  pages     = {1--18},
}


@InProceedings{BeimelOO10,
  author =       {Amos Beimel and Eran Omri and Ilan Orlov},
  title =        {Protocols for Multiparty Coin Toss with Dishonest Majority},
  booktitle =    CRYPTO10,
  pages =        {538--557},
  year =         {2010},
}
@article{BeimelOO15,
  author    = {Amos Beimel and
               Eran Omri and
               Ilan Orlov},
  title     = {Protocols for Multiparty Coin Toss with a Dishonest Majority},
  journal   = jcrypt,
  volume    = {28},
  number    = {3},
  pages     = {551--600},
  year      = {2015},
}



@MISC{CleveI93,
    author = {Richard Cleve and Russell Impagliazzo},
    title = {Martingales, collective coin flipping and discrete control processes (Extended Abstract)},
    year = {1993},
    howpublished = {\url{http://citeseerx.ist.psu.edu/viewdoc/summary?doi=10.1.1.51.1797}
}}


@Misc{BermanHT14Full,
  AUTHOR =      {Itay Berman and Iftach Haitner and Aris Tentes},
  TITLE =        {Coin Flipping of Any Constant Bias Implies One-Way Functions},
  howpublished = {\url{www.cs.tau.ac.il/~iftachh/papers/TightCF/TCoingFlip_F.pdf}},
  note =     {Manuscript},
  year = {2014},
}


@inproceedings{CohenLindell14,
  author    = {Ran Cohen and Yehuda Lindell},
  title     = {Fairness versus Guaranteed Output Delivery in Secure Multiparty Computation},
  booktitle = ac14part2,
  pages     = {466--485},
  year      = {2014},
}


@inproceedings{FGHHS02,
  author    = {Matthias Fitzi and
               Daniel Gottesman and
               Martin Hirt and
               Thomas Holenstein and
               Adam Smith},
  title     = {Detectable {Byzantine} agreement secure against faulty majorities},
  booktitle = podc21,
  year      = {2002},
  pages     = {118-126},
}


@inproceedings{BD84,
  author    = {Andrei Z. Broder and Danny Dolev},
  title     = {Flipping coins in many pockets ({Byzantine} agreement on uniformly random values)},
  booktitle = focs25,
  pages     = {157--170},
  year      = {1984},
}


@inproceedings{CGMA85,
  author    = {Benny Chor and  Shafi Goldwasser and Silvio Micali and  Baruch Awerbuch},
  title     = {Verifiable Secret Sharing and Achieving Simultaneity in the Presence of Faults (Extended Abstract)},
  booktitle = focs26,
  year      = {1985},
  pages     = {383-395},
}


@inproceedings{RB89,
  author    = {Tal Rabin and Michael {Ben-Or}},
  title     = {Verifiable Secret Sharing and Multiparty Protocols with Honest Majority (Extended Abstract)},
   booktitle = focs30,
  year      = {1989},
  pages     = {73--85},
}

@inproceedings{MR90,
  author    = {Silvio Micali and Tal Rabin},
  title     = {Collective Coin Tossing Without Assumptions nor Broadcasting},
  booktitle = crypto90,
  pages     = {253--266},
  year      = {1990},
}


@INPROCEEDINGS{HaitnerT14,
  AUTHOR =      {Iftach Haitner and Eliad Tsfadia},
  TITLE =        {An Almost-Optimally Fair Three-Party Coin-Flipping Protocol},
  BOOKTITLE = stoc46,
  pages     = {817-836},
  year = {2014},
}


@article{PSL80,
  author    = {Marshall C. Pease and Robert E. Shostak and Leslie Lamport},
  title     = {Reaching Agreement in the Presence of Faults},
  journal   = jacm,
  volume    = {27},
  number    = {2},
  year      = {1980},
  pages     = {228-234},
}

@article{LSP82,
  author    = {Leslie Lamport and Robert E. Shostak and Marshall C. Pease},
  title     = {The {Byzantine} Generals Problem},
  journal   = {ACM Transactions on Programming Languages and Systems},
  volume    = {4},
  number    = {3},
  year      = {1982},
  pages     = {382-401},
}

@inproceedings{BGW88,
  author    = {Michael {Ben-Or} and Shafi Goldwasser and Avi Wigderson},
  title     = {Completeness Theorems for Non-Cryptographic Fault-Tolerant Distributed Computation (Extended Abstract)},
  booktitle = stoc29,
  year      = {1988},
  pages     = {1-10},
}


@inproceedings{GoldwasserLevin90,
  author    = {Shafi Goldwasser and
               Leonid A. Levin},
  title     = {Fair Computation of General Functions in Presence of Immoral Majority},
  booktitle = crypto90,
  year      = {1990},
  pages     = {77-93},
}


@inproceedings{Beaver91,
  author    = {Donald Beaver},
  title     = {Foundations of Secure Interactive Computing},
 booktitle = crypto91,
  year      = {1991},
  pages     = {377-391},
}


@inproceedings{MR91,
  author    = {Silvio Micali and
               Phillip Rogaway},
  title     = {Secure Computation (Abstract)},
  booktitle = crypto91,
  year      = {1991},
  pages     = {392-404},
}



@article{Canetti00,
  author    = {Ran Canetti},
  title     = {Security and Composition of Multiparty Cryptographic Protocols},
  journal   = jcrypt,
  volume    = {13},
  number    = {1},
  year      = {2000},
  pages     = {143-202},
}

@inproceedings{Goldreich07,
  author    = {Oded Goldreich},
  title     = {On Expected Probabilistic Polynomial-Time Adversaries: {A Suggestion for Restricted Definitions and Their Benefits}},
  booktitle = tcc07,
  pages     = {174--193},
  year      = {2007},
}

@article{KatzLindell08,
  author    = {Jonathan Katz and Yehuda Lindell},
  title     = {Handling Expected Polynomial-Time Strategies in Simulation-Based Security Proofs},
  journal   = jcrypt,
  volume    = {21},
  number    = {3},
  pages     = {303--349},
  year      = {2008},
}

@article{DolevLPSW86,
  title={Reaching approximate agreement in the presence of faults},
  author={Dolev, Danny and Lynch, Nancy A and Pinter, Shlomit S and Stark, Eugene W and Weihl, William E},
   journal=jacm,
  volume={33},
  number={3},
  pages={499--516},
  year={1986},
}

@article{pease1980reaching,
  title={Reaching agreement in the presence of faults},
  author={Pease, Marshall and Shostak, Robert and Lamport, Leslie},
  journal=jacm,
  volume={27},
  number={2},
  pages={228--234},
  year={1980},
}

@inproceedings{FischerLM85,
  author    = {Michael J. Fischer and
               Nancy A. Lynch and
               Michael Merritt},
  title     = {Easy Impossibility Proofs for Distributed Consensus Problems},
  booktitle = podc04,
  pages     = {59--70},
  year      = {1985},
}
@article{LindellLR06,
  author    = {Yehuda Lindell and
               Anna Lysyanskaya and
               Tal Rabin},
  title     = {On the Composition of Authenticated Byzantine Agreement},
  journal   = jacm,
  volume    = {53},
  number    = {6},
  pages     = {881--917},
  year      = {2006},
}

@inproceedings{GoldwasserL02,
  author    = {Shafi Goldwasser and
               Yehuda Lindell},
  title     = {Secure Computation without Agreement},
  booktitle = disc16,
  pages     = {17--32},
  year      = {2002},
}


@inproceedings{GK10,
  author    = {Dov Gordon and Jonathan Katz},
  title     = {Partial Fairness in Secure Two-Party Computation},
  booktitle = ec10,
  year      = {2010},
  pages     = {157-176},
  editor    = {Henri Gilbert},
  publisher = Springer,
  series    = LNCS,
  volume    = {6110},
}

@InProceedings{BLOO11,
  author =       {A. Beimel and Y. Lindell and E. Omri and I. Orlov},
  title =        {1/{\it p}-Secure Multiparty Computation without Honest Majority and the Best of Both Worlds},
  booktitle =    CRYPTO11,
  pages =        {277-296},
  year =         {2011},
  editor =       {P. Rogaway},
  volume =       {6841},
  series =       LNCS,
  publisher =    Springer,
}


@article{Lamport83,
 author = {Leslie Lamport},
 title = {The Weak {Byzantine} Generals Problem},
 journal=jacm,
 volume = {30},
 number = {3},
 year = {1983},
 pages = {668--676},
}

@inproceedings{KatzKoo07,
  author    = {Jonathan Katz and Chiu-Yuen Koo},
  title     = {Round-Efficient Secure Computation in Point-to-Point Networks},
  booktitle = ec07,
  year      = {2007},
  pages     = {311-328},
}

@incollection{katzKK2008,
  title={Improving the round complexity of VSS in point-to-point networks},
  author={Jonathan Katz and Chiu-Yuen Koo and Ranjit Kumaresan},
  booktitle={Automata, Languages and Programming},
  pages={499--510},
  year={2008},
}

@inproceedings{ChaumCD88,
  author    = {David Chaum and
               Claude Cr{\'{e}}peau and
               Ivan Damg{\aa}rd},
  title     = {Multiparty Unconditionally Secure Protocols (Extended Abstract)},
  booktitle = stoc10,
  pages     = {11--19},
  year      = {1988},
}
@article{FischerL82,
  author    = {Michael J. Fischer and
               Nancy A. Lynch},
  title     = {A Lower Bound for the Time to Assure Interactive Consistency},
  journal   = {Inf. Process. Lett.},
  volume    = {14},
  number    = {4},
  pages     = {183--186},
  year      = {1982},
}

@article{FeldmanM97,
  author    = {Pesech Feldman and Silvio Micali},
  title     = {An Optimal Probabilistic Protocol for Synchronous {Byzantine} Agreement},
  journal   = siamjc,
  volume    = {26},
  number    = {4},
  pages     = {873--933},
  year      = {1997},
}
@inproceedings{KatzK06,
  author    = {Jonathan Katz and Chiu{-}Yuen Koo},
  title     = {On Expected Constant-Round Protocols for {Byzantine} Agreement},
  booktitle = crypto06,
  pages     = {445--462},
  year      = {2006},
}

@inproceedings{GarayKKO07,
  author    = {Juan A. Garay and
               Jonathan Katz and
               Chiu{-}Yuen Koo and
               Rafail Ostrovsky},
  title     = {Round Complexity of Authenticated Broadcast with a Dishonest Majority},
  booktitle = focs48,
  pages     = {658--668},
  year      = {2007},
}

@inproceedings{GarayGOR13,
  author    = {Juan A. Garay and
               Clint Givens and
               Rafail Ostrovsky and
               Pavel Raykov},
  title     = {Broadcast (and Round) Efficient Verifiable Secret Sharing},
  booktitle = {Information Theoretic Security - 7th International Conference, {ICITS}
               2013, Singapore, November 28-30, 2013, Proceedings},
  pages     = {200--219},
  year      = {2013},
}
@inproceedings{FHHW03,
  author    = {Matthias Fitzi and
               Martin Hirt and
               Thomas Holenstein and
               J{\"{u}}rg Wullschleger},
  title     = {Two-Threshold Broadcast and Detectable Multi-party Computation},
  booktitle = ec03,
  pages     = {51--67},
  year      = {2003},
}
@inproceedings{PW92,
  author    = {Birgit Pfitzmann and
               Michael Waidner},
  title     = {Unconditional {Byzantine} Agreement for any Number of Faulty Processors},
  booktitle = stacs09,
  year      = {1992},
  pages     = {339-350},
}
@article{DolevS83,
  author    = {Danny Dolev and
               Raymond Strong},
  title     = {Authenticated Algorithms for {Byzantine} Agreement},
  journal   = siamjc,
  volume    = {12},
  number    = {4},
  pages     = {656--666},
  year      = {1983},
}

@inproceedings{CHOR16,
  author    = {Ran Cohen and
               Iftach Haitner and
               Eran Omri and
               Lior Rotem},
  title     = {Characterization of Secure Multiparty Computation Without Broadcast},
  booktitle = tcc16apart1,
  pages     = {596--616},
  year      = {2016},
}
@inproceedings{GordonLS15,
  author    = {Dov Gordon and
               Feng{-}Hao Liu and
               Elaine Shi},
  title     = {Constant-Round {MPC} with Fairness and Guarantee of Output Delivery},
  booktitle = crypto15part2,
  pages     = {63--82},
  year      = {2015},
}
@inproceedings{AsharovJLTVW12,
  author    = {Gilad Asharov and
               Abhishek Jain and
               Adriana L{\'{o}}pez{-}Alt and
               Eran Tromer and
               Vinod Vaikuntanathan and
               Daniel Wichs},
  title     = {Multiparty Computation with Low Communication, Computation and Interaction via Threshold {FHE}},
  booktitle = ec12,
  pages     = {483--501},
  year      = {2012},
}
@inproceedings{BGK11,
  author    = {Elette Boyle and
               Shafi Goldwasser and
               Yael {Tauman Kalai}},
  title     = {Leakage-Resilient Coin Tossing},
  booktitle = disc25,
  pages     = {181--196},
  year      = {2011},
}
@inproceedings{BGJK12,
  author    = {Elette Boyle and
               Shafi Goldwasser and
               Abhishek Jain and
               Yael {Tauman Kalai}},
  title     = {Multiparty computation secure against continual memory leakage},
  booktitle = stoc44,
  pages     = {1235--1254},
  year      = {2012},
}
@inproceedings{Feige99,
  author    = {Uriel Feige},
  title     = {Noncryptographic Selection Protocols},
  booktitle = focs40,
  pages     = {142--153},
  year      = {1999},
}
@article{KLR10,
  author    = {Eyal Kushilevitz and
               Yehuda Lindell and
               Tal Rabin},
  title     = {Information-Theoretically Secure Protocols and Security under Composition},
  journal   = siamjc,
  volume    = {39},
  number    = {5},
  pages     = {2090--2112},
  year      = {2010},
}
@inproceedings{GordonK09,
  author    = {Dov Gordon and
               Jonathan Katz},
  title     = {Complete Fairness in Multi-party Computation without an Honest Majority},
  booktitle = tcc09,
  pages     = {19--35},
  year      = {2009},
}
@inproceedings{CDF01,
  author    = {Ronald Cramer and
               Ivan Damg{\aa}rd and
               Serge Fehr},
  title     = {On the Cost of Reconstructing a Secret, or {VSS} with Optimal Reconstruction Phase},
  booktitle = crypto01,
  pages     = {503--523},
  year      = {2001},
}
@inproceedings{CFOR12,
  author    = {Alfonso Cevallos and
               Serge Fehr and
               Rafail Ostrovsky and
               Yuval Rabani},
  title     = {Unconditionally-Secure Robust Secret Sharing with Compact Shares},
  booktitle = ec12,
  pages     = {195--208},
  year      = {2012},
}
@inproceedings{IOS12,
  author    = {Yuval Ishai and
               Rafail Ostrovsky and
               Hakan Seyalioglu},
  title     = {Identifying Cheaters without an Honest Majority},
  booktitle = tcc12,
  pages     = {21--38},
  year      = {2012},
}
@article{Shamir79,
  author    = {Adi Shamir},
  title     = {How to Share a Secret},
  journal   = jacm,
  volume    = {22},
  number    = {11},
  pages     = {612--613},
  year      = {1979},
}
@article{AL10,
  author    = {Yonatan Aumann and
               Yehuda Lindell},
  title     = {Security Against Covert Adversaries: Efficient Protocols for Realistic Adversaries},
  journal   = jcrypt,
  volume    = {23},
  number    = {2},
  pages     = {281--343},
  year      = {2010},
}
@inproceedings{IOZ14,
  author    = {Yuval Ishai and
               Rafail Ostrovsky and
               Vassilis Zikas},
  title     = {Secure Multi-Party Computation with Identifiable Abort},
  booktitle = crypto14part2,
  pages     = {369--386},
  year      = {2014},
}
@article{IKKLP11,
  author    = {Yuval Ishai and
               Jonathan Katz and
               Eyal Kushilevitz and
               Yehuda Lindell and
               Erez Petrank},
  title     = {On Achieving the "Best of Both Worlds" in Secure Multiparty Computation},
  journal   = siamjc,
  volume    = {40},
  number    = {1},
  pages     = {122--141},
  year      = {2011},
}
@inproceedings{HMZ08,
  author    = {Martin Hirt and
               Ueli Maurer and
               Vassilis Zikas},
  title     = {{MPC} vs. {SFE} : Unconditional and Computational Security},
  booktitle = ac08,
  pages     = {1--18},
  year      = {2008},
}
@inproceedings{ZHM09,
  author    = {Vassilis Zikas and
               Sarah Hauser and
               Ueli Maurer},
  title     = {Realistic Failures in Secure Multi-party Computation},
  booktitle = tcc09,
  pages     = {274--293},
  year      = {2009},
}
@inproceedings{BOS16,
  author    = {Carsten Baum and
               Emmanuela Orsini and
               Peter Scholl},
  title     = {Efficient Secure Multiparty Computation with Identifiable Abort},
  booktitle = tcc16bpart1,
  pages     = {461--490},
  year      = {2016},
}
@article{HIKLP11,
  author    = {Iftach Haitner and
               Yuval Ishai and
               Eyal Kushilevitz and
               Yehuda Lindell and
               Erez Petrank},
  title     = {Black-Box Constructions of Protocols for Secure Computation},
  journal   = siamjc,
  volume    = {40},
  number    = {2},
  pages     = {225--266},
  year      = {2011},
}
@inproceedings{IKPSY16,
  author    = {Yuval Ishai and
               Eyal Kushilevitz and
               Manoj Prabhakaran and
               Amit Sahai and
               Ching{-}Hua Yu},
  title     = {Secure Protocol Transformations},
  booktitle = crypto16part2,
  pages     = {430--458},
  year      = {2016},
}
@inproceedings{HML13,
  author    = {Martin Hirt and
               Christoph Lucas and
               Ueli Maurer},
  title     = {A Dynamic Tradeoff between Active and Passive Corruptions in Secure Multi-Party Computation},
  booktitle = crypto13part2,
  pages     = {203--219},
  year      = {2013},
}
@inproceedings{KZZ16,
  author    = {Aggelos Kiayias and
               Hong{-}Sheng Zhou and
               Vassilis Zikas},
  title     = {Fair and Robust Multi-party Computation Using a Global Transaction Ledger},
  booktitle = ec16part2,
  pages     = {705--734},
  year      = {2016},
}
@inproceedings{IPS08,
  author    = {Yuval Ishai and
               Manoj Prabhakaran and
               Amit Sahai},
  title     = {Founding Cryptography on Oblivious Transfer - Efficiently},
  booktitle = crypto08,
  pages     = {572--591},
  year      = {2008},
}
@inproceedings{CFGN96,
  author    = {Ran Canetti and
               Uriel Feige and
               Oded Goldreich and
               Moni Naor},
  title     = {Adaptively Secure Multi-Party Computation},
  booktitle = stoc28,
  pages     = {639--648},
  year      = {1996},
}
@inproceedings{CLOS02,
  author    = {Ran Canetti and
               Yehuda Lindell and
               Rafail Ostrovsky and
               Amit Sahai},
  title     = {Universally composable two-party and multi-party secure computation},
  booktitle = stoc34,
  pages     = {494--503},
  year      = {2002},
}
@inproceedings{Pass04,
  author    = {Rafael Pass},
  title     = {Bounded-concurrent secure multi-party computation with a dishonest majority},
  booktitle = stoc36,
  pages     = {232--241},
  year      = {2004},
}
@inproceedings{AO16,
  author    = {Bar Alon and
               Eran Omri},
  title     = {Almost-Optimally Fair Multiparty Coin-Tossing with Nearly Three-Quarters Malicious},
  booktitle = tcc16bpart1,
  pages     = {307--335},
  year      = {2016},
}
@Article{Steiner50,
  author =   {Jakob Steiner},
  title =    {\"{U}ber das gr\"{o}{\ss}te Product der Theile oder Summanden jeder Zahl},
  journal =  {Journal f\"{u}r die reine und angewandte Mathematik},
  year =     {1850},
  pages =    {208},
}
@inproceedings{CDDHR99,
  author    = {Ronald Cramer and
               Ivan Damg{\aa}rd and
               Stefan Dziembowski and
               Martin Hirt and
               Tal Rabin},
  title     = {Efficient Multiparty Computations Secure Against an Adaptive Adversary},
  booktitle = ec99,
  pages     = {311--326},
  year      = {1999},
}
@inproceedings{IKOS07,
  author    = {Yuval Ishai and
               Eyal Kushilevitz and
               Rafail Ostrovsky and
               Amit Sahai},
  title     = {Zero-knowledge from secure multiparty computation},
  booktitle = stoc39,
  pages     = {21--30},
  year      = {2007},
}
@InProceedings{CCGZ17,
  author =	 {Ran Cohen and Sandro Coretti and Juan Garay and Vassilis Zikas},
  title =	 {Round-Preserving Parallel Composition of Probabilistic-Termination Cryptographic Protocols},
  booktitle =icalp17,
  pages =	{37:1--37:15},
  year =	{2017},
}
@inproceedings{GVZ06,
  author    = {Ronen Gradwohl and
               Salil P. Vadhan and
               David Zuckerman},
  title     = {Random Selection with an Adversarial Majority},
  booktitle = crypto06,
  pages     = {409--426},
  year      = {2006},
}
@inproceedings{BHLT17,
  author    = {Niv Buchbinder and
               Iftach Haitner and
               Nissan Levi and
               Eliad Tsfadia},
  title     = {Fair Coin Flipping: Tighter Analysis and the Many-Party Case},
  booktitle = soda17,
  pages     = {2580--2600},
  year      = {2017},
}

@inproceedings{Mak14,
  author    = {N. Makriyannis},
  title     = {On the Classification of Finite {Boolean} Functions up to Fairness},
  booktitle = {Security and Cryptography for Networks -- 9th International Conference,
               {SCN} 2014},
  pages     = {135--154},
  series    = LNCS,
  volume    = {8642},
  publisher = Springer,
	year      = {2014},
}
@inproceedings{KSSV06,
  author    = {Valerie King and
               Jared Saia and
               Vishal Sanwalani and
               Erik Vee},
  title     = {Scalable leader election},
  booktitle = soda06,
  pages     = {990--999},
  year      = {2006},
}
@inproceedings{KKKSS08,
  author    = {Bruce M. Kapron and
               David Kempe and
               Valerie King and
               Jared Saia and
               Vishal Sanwalani},
  title     = {Fast asynchronous byzantine agreement and leader election with full information},
  booktitle = soda08,
  pages     = {1038--1047},
  year      = {2008},
}

@inproceedings{KLST11,
  author    = {Valerie King and
               Steven Lonargan and
               Jared Saia and
               Amitabh Trehan},
  title     = {Load Balanced Scalable Byzantine Agreement through Quorum Building, with Full Information},
  booktitle = icdcn11,
  pages     = {203--214},
  year      = {2011},
}
@inproceedings{KS10,
  author    = {Valerie King and
               Jared Saia},
  title     = {Breaking the \emph{O}(\emph{n}\({}^{\mbox{2}}\)) bit barrier: scalable byzantine agreement with an adaptive adversary},
  booktitle = podc29,
  pages     = {420--429},
  year      = {2010},
}
@inproceedings{CS04,
  author    = {John F. Canny and
               Stephen Sorkin},
  title     = {Practical Large-Scale Distributed Key Generation},
  booktitle = ec04,
  pages     = {138--152},
  year      = {2004},
}
@Unpublished{LR17,
  author =   {Yehuda Lindell and Tal Rabin},
  title =    {Secure Two-Party Computation with Fairness - A Necessary Design Principle},
  note =     {Manuscrit},
  year =     {2017},
}

@inproceedings{PS17,
  author    = {Rafael Pass and
               Elaine Shi},
  title     = {The Sleepy Model of Consensus},
  booktitle = ac17part2,
  pages     = {380--409},
  year      = {2017},
}

@article{Micali16,
  author    = {Silvio Micali},
  title     = {{ALGORAND:} The Efficient and Democratic Ledger},
  journal   = {CoRR},
  volume    = {abs/1607.01341},
  year      = {2016},
  url       = {http://arxiv.org/abs/1607.01341},
}
@inproceedings{GHMVZ17,
  author    = {Yossi Gilad and
               Rotem Hemo and
               Silvio Micali and
               Georgios Vlachos and
               Nickolai Zeldovich},
  title     = {Algorand: Scaling Byzantine Agreements for Cryptocurrencies},
  booktitle = {Proceedings of the 26th Symposium on Operating Systems Principles (SOSP)},
  pages     = {51--68},
  year      = {2017},
}

@inproceedings{Micali17,
  author    = {Silvio Micali},
  title     = {Very Simple and Efficient Byzantine Agreement},
  booktitle = itcs17,
  pages     = {6:1--6:1},
  year      = {2017},
}
